%YAML 1.1
%TAG !u! tag:unity3d.com,2011:
--- !u!1 &38314825033480699
GameObject:
  m_ObjectHideFlags: 0
  m_CorrespondingSourceObject: {fileID: 0}
  m_PrefabInstance: {fileID: 0}
  m_PrefabAsset: {fileID: 0}
  serializedVersion: 6
  m_Component:
  - component: {fileID: 8089457924554596984}
  - component: {fileID: 4759705397652532619}
  m_Layer: 0
  m_Name: HeadAndBody_Assume_low
  m_TagString: Untagged
  m_Icon: {fileID: 0}
  m_NavMeshLayer: 0
  m_StaticEditorFlags: 0
  m_IsActive: 1
--- !u!4 &8089457924554596984
Transform:
  m_ObjectHideFlags: 0
  m_CorrespondingSourceObject: {fileID: 0}
  m_PrefabInstance: {fileID: 0}
  m_PrefabAsset: {fileID: 0}
  m_GameObject: {fileID: 38314825033480699}
  m_LocalRotation: {x: 0, y: -0, z: -0, w: 1}
  m_LocalPosition: {x: -0, y: 0, z: 0}
  m_LocalScale: {x: 1, y: 1, z: 1}
  m_Children: []
  m_Father: {fileID: 677588746063020235}
  m_RootOrder: 1
  m_LocalEulerAnglesHint: {x: 0, y: 0, z: 0}
--- !u!137 &4759705397652532619
SkinnedMeshRenderer:
  m_ObjectHideFlags: 0
  m_CorrespondingSourceObject: {fileID: 0}
  m_PrefabInstance: {fileID: 0}
  m_PrefabAsset: {fileID: 0}
  m_GameObject: {fileID: 38314825033480699}
  m_Enabled: 1
  m_CastShadows: 1
  m_ReceiveShadows: 1
  m_DynamicOccludee: 1
  m_MotionVectors: 1
  m_LightProbeUsage: 1
  m_ReflectionProbeUsage: 1
  m_RayTracingMode: 3
  m_RayTraceProcedural: 0
  m_RenderingLayerMask: 1
  m_RendererPriority: 0
  m_Materials:
  - {fileID: 2100000, guid: b6b97f1b9cf5e264d9a1946cb360b511, type: 2}
  m_StaticBatchInfo:
    firstSubMesh: 0
    subMeshCount: 0
  m_StaticBatchRoot: {fileID: 0}
  m_ProbeAnchor: {fileID: 0}
  m_LightProbeVolumeOverride: {fileID: 0}
  m_ScaleInLightmap: 1
  m_ReceiveGI: 1
  m_PreserveUVs: 0
  m_IgnoreNormalsForChartDetection: 0
  m_ImportantGI: 0
  m_StitchLightmapSeams: 1
  m_SelectedEditorRenderState: 3
  m_MinimumChartSize: 4
  m_AutoUVMaxDistance: 0.5
  m_AutoUVMaxAngle: 89
  m_LightmapParameters: {fileID: 0}
  m_SortingLayerID: 0
  m_SortingLayer: 0
  m_SortingOrder: 0
  serializedVersion: 2
  m_Quality: 0
  m_UpdateWhenOffscreen: 0
  m_SkinnedMotionVectors: 1
  m_Mesh: {fileID: -9058430988854166674, guid: cd8ec3c982ed42c4694c4623f81df80d, type: 3}
  m_Bones:
  - {fileID: 7973154138722351863}
  - {fileID: 9163228378268271115}
  - {fileID: 7166323890317224283}
  - {fileID: 7294839055948783034}
  - {fileID: 8659252223691533763}
  - {fileID: 4340579312041352014}
  - {fileID: 585855603214286881}
  - {fileID: 7342501499016271714}
  - {fileID: 5961261679447577915}
  - {fileID: 2756966680446206842}
  - {fileID: 5416965278666586103}
  - {fileID: 1799424325906409024}
  - {fileID: 1493464837700570357}
  - {fileID: 1923394738290930722}
  - {fileID: 859132480757078240}
  - {fileID: 1282119994155038388}
  - {fileID: 6904503620000946872}
  - {fileID: 5675426797487878077}
  - {fileID: 2516299457992296169}
  - {fileID: 278237904292708458}
  - {fileID: 9007914531103497559}
  m_BlendShapeWeights: []
  m_RootBone: {fileID: 1282119994155038388}
  m_AABB:
    m_Center: {x: 0.3966527, y: 0.019752026, z: -0.4855777}
    m_Extent: {x: 3.444541, y: 3.1206374, z: 1.6355695}
  m_DirtyAABB: 0
--- !u!1 &156667159036287601
GameObject:
  m_ObjectHideFlags: 0
  m_CorrespondingSourceObject: {fileID: 0}
  m_PrefabInstance: {fileID: 0}
  m_PrefabAsset: {fileID: 0}
  serializedVersion: 6
  m_Component:
  - component: {fileID: 677588746063020235}
  m_Layer: 0
  m_Name: Boss@Rig
  m_TagString: Untagged
  m_Icon: {fileID: 0}
  m_NavMeshLayer: 0
  m_StaticEditorFlags: 0
  m_IsActive: 1
--- !u!4 &677588746063020235
Transform:
  m_ObjectHideFlags: 0
  m_CorrespondingSourceObject: {fileID: 0}
  m_PrefabInstance: {fileID: 0}
  m_PrefabAsset: {fileID: 0}
  m_GameObject: {fileID: 156667159036287601}
  m_LocalRotation: {x: 0, y: 0, z: 0, w: 1}
  m_LocalPosition: {x: 0, y: 0, z: 0}
  m_LocalScale: {x: 1, y: 1, z: 1}
  m_Children:
  - {fileID: 1282119994155038388}
  - {fileID: 8089457924554596984}
  m_Father: {fileID: 0}
  m_RootOrder: 0
  m_LocalEulerAnglesHint: {x: 0, y: 0, z: 0}
--- !u!1 &267952015509301886
GameObject:
  m_ObjectHideFlags: 0
  m_CorrespondingSourceObject: {fileID: 0}
  m_PrefabInstance: {fileID: 0}
  m_PrefabAsset: {fileID: 0}
  serializedVersion: 6
  m_Component:
  - component: {fileID: 2756966680446206842}
  m_Layer: 0
  m_Name: Bone029
  m_TagString: Untagged
  m_Icon: {fileID: 0}
  m_NavMeshLayer: 0
  m_StaticEditorFlags: 0
  m_IsActive: 1
--- !u!4 &2756966680446206842
Transform:
  m_ObjectHideFlags: 0
  m_CorrespondingSourceObject: {fileID: 0}
  m_PrefabInstance: {fileID: 0}
  m_PrefabAsset: {fileID: 0}
  m_GameObject: {fileID: 267952015509301886}
  m_LocalRotation: {x: -0.07842531, y: 0.6375391, z: 0.711915, w: -0.2838493}
  m_LocalPosition: {x: -2.795008, y: -0.018342022, z: 0.00477951}
  m_LocalScale: {x: -1, y: -1, z: -1}
  m_Children: []
  m_Father: {fileID: 7342501499016271714}
  m_RootOrder: 2
  m_LocalEulerAnglesHint: {x: 0, y: 0, z: 0}
--- !u!1 &464723755399849888
GameObject:
  m_ObjectHideFlags: 0
  m_CorrespondingSourceObject: {fileID: 0}
  m_PrefabInstance: {fileID: 0}
  m_PrefabAsset: {fileID: 0}
  serializedVersion: 6
  m_Component:
  - component: {fileID: 9163228378268271115}
  m_Layer: 0
  m_Name: Bone010
  m_TagString: Untagged
  m_Icon: {fileID: 0}
  m_NavMeshLayer: 0
  m_StaticEditorFlags: 0
  m_IsActive: 1
--- !u!4 &9163228378268271115
Transform:
  m_ObjectHideFlags: 0
  m_CorrespondingSourceObject: {fileID: 0}
  m_PrefabInstance: {fileID: 0}
  m_PrefabAsset: {fileID: 0}
  m_GameObject: {fileID: 464723755399849888}
  m_LocalRotation: {x: 0.9696191, y: -0.21895379, z: -0.08303502, w: -0.070733644}
  m_LocalPosition: {x: -2.9028301, y: 0.03566948, z: 0.11589142}
  m_LocalScale: {x: 0.909798, y: 1, z: 1.000001}
  m_Children: []
  m_Father: {fileID: 7166323890317224283}
  m_RootOrder: 0
  m_LocalEulerAnglesHint: {x: 0, y: 0, z: 0}
--- !u!1 &505505483202247435
GameObject:
  m_ObjectHideFlags: 0
  m_CorrespondingSourceObject: {fileID: 0}
  m_PrefabInstance: {fileID: 0}
  m_PrefabAsset: {fileID: 0}
  serializedVersion: 6
  m_Component:
  - component: {fileID: 7166323890317224283}
  m_Layer: 0
  m_Name: Bone009
  m_TagString: Untagged
  m_Icon: {fileID: 0}
  m_NavMeshLayer: 0
  m_StaticEditorFlags: 0
  m_IsActive: 1
--- !u!4 &7166323890317224283
Transform:
  m_ObjectHideFlags: 0
  m_CorrespondingSourceObject: {fileID: 0}
  m_PrefabInstance: {fileID: 0}
  m_PrefabAsset: {fileID: 0}
  m_GameObject: {fileID: 505505483202247435}
  m_LocalRotation: {x: 0.66585404, y: -0.20514464, z: -0.21560463, w: 0.68415546}
  m_LocalPosition: {x: -0.93894696, y: 0.021834105, z: 0}
  m_LocalScale: {x: 0.943711, y: 1.000012, z: 1.007778}
  m_Children:
  - {fileID: 9163228378268271115}
  - {fileID: 7973154138722351863}
  - {fileID: 8659252223691533763}
  - {fileID: 7294839055948783034}
  m_Father: {fileID: 5416965278666586103}
  m_RootOrder: 0
  m_LocalEulerAnglesHint: {x: 0, y: 0, z: 0}
--- !u!1 &1186093065783340301
GameObject:
  m_ObjectHideFlags: 0
  m_CorrespondingSourceObject: {fileID: 0}
  m_PrefabInstance: {fileID: 0}
  m_PrefabAsset: {fileID: 0}
  serializedVersion: 6
  m_Component:
  - component: {fileID: 1923394738290930722}
  m_Layer: 0
  m_Name: Bone003
  m_TagString: Untagged
  m_Icon: {fileID: 0}
  m_NavMeshLayer: 0
  m_StaticEditorFlags: 0
  m_IsActive: 1
--- !u!4 &1923394738290930722
Transform:
  m_ObjectHideFlags: 0
  m_CorrespondingSourceObject: {fileID: 0}
  m_PrefabInstance: {fileID: 0}
  m_PrefabAsset: {fileID: 0}
  m_GameObject: {fileID: 1186093065783340301}
  m_LocalRotation: {x: -0.52512795, y: 0.45972502, z: 0.43525025, w: 0.5687273}
  m_LocalPosition: {x: -0.6823633, y: 0.009070569, z: -0.02573471}
  m_LocalScale: {x: 1.279409, y: 1.357533, z: 1.329473}
  m_Children: []
  m_Father: {fileID: 2516299457992296169}
  m_RootOrder: 0
  m_LocalEulerAnglesHint: {x: 0, y: 0, z: 0}
--- !u!1 &2040624289453158567
GameObject:
  m_ObjectHideFlags: 0
  m_CorrespondingSourceObject: {fileID: 0}
  m_PrefabInstance: {fileID: 0}
  m_PrefabAsset: {fileID: 0}
  serializedVersion: 6
  m_Component:
  - component: {fileID: 8659252223691533763}
  m_Layer: 0
  m_Name: Bone012
  m_TagString: Untagged
  m_Icon: {fileID: 0}
  m_NavMeshLayer: 0
  m_StaticEditorFlags: 0
  m_IsActive: 1
--- !u!4 &8659252223691533763
Transform:
  m_ObjectHideFlags: 0
  m_CorrespondingSourceObject: {fileID: 0}
  m_PrefabInstance: {fileID: 0}
  m_PrefabAsset: {fileID: 0}
  m_GameObject: {fileID: 2040624289453158567}
  m_LocalRotation: {x: -0.07842526, y: 0.6375387, z: 0.71191543, w: -0.28384912}
  m_LocalPosition: {x: -2.7950072, y: -0.018342055, z: 0.0047787474}
  m_LocalScale: {x: -1, y: -1, z: -1}
  m_Children: []
  m_Father: {fileID: 7166323890317224283}
  m_RootOrder: 2
  m_LocalEulerAnglesHint: {x: 0, y: 0, z: 0}
--- !u!1 &2077038216172339035
GameObject:
  m_ObjectHideFlags: 0
  m_CorrespondingSourceObject: {fileID: 0}
  m_PrefabInstance: {fileID: 0}
  m_PrefabAsset: {fileID: 0}
  serializedVersion: 6
  m_Component:
  - component: {fileID: 6904503620000946872}
  m_Layer: 0
  m_Name: Bone022
  m_TagString: Untagged
  m_Icon: {fileID: 0}
  m_NavMeshLayer: 0
  m_StaticEditorFlags: 0
  m_IsActive: 1
--- !u!4 &6904503620000946872
Transform:
  m_ObjectHideFlags: 0
  m_CorrespondingSourceObject: {fileID: 0}
  m_PrefabInstance: {fileID: 0}
  m_PrefabAsset: {fileID: 0}
  m_GameObject: {fileID: 2077038216172339035}
  m_LocalRotation: {x: 0.0053760754, y: 0.9999856, z: 0.0000045296515, w: 0.000000068064104}
  m_LocalPosition: {x: -0.49255767, y: 0.63823307, z: 0.0000053405756}
  m_LocalScale: {x: -1, y: -1, z: -1}
  m_Children:
  - {fileID: 9007914531103497559}
  m_Father: {fileID: 1282119994155038388}
  m_RootOrder: 2
  m_LocalEulerAnglesHint: {x: 0, y: 0, z: 0}
--- !u!1 &2187285508419571222
GameObject:
  m_ObjectHideFlags: 0
  m_CorrespondingSourceObject: {fileID: 0}
  m_PrefabInstance: {fileID: 0}
  m_PrefabAsset: {fileID: 0}
  serializedVersion: 6
  m_Component:
  - component: {fileID: 5961261679447577915}
  m_Layer: 0
  m_Name: Bone030
  m_TagString: Untagged
  m_Icon: {fileID: 0}
  m_NavMeshLayer: 0
  m_StaticEditorFlags: 0
  m_IsActive: 1
--- !u!4 &5961261679447577915
Transform:
  m_ObjectHideFlags: 0
  m_CorrespondingSourceObject: {fileID: 0}
  m_PrefabInstance: {fileID: 0}
  m_PrefabAsset: {fileID: 0}
  m_GameObject: {fileID: 2187285508419571222}
  m_LocalRotation: {x: -0.32148078, y: 0.6940165, z: 0.64094734, w: 0.06463506}
  m_LocalPosition: {x: -2.804336, y: -0.017712725, z: -0.018754425}
  m_LocalScale: {x: -1, y: -1, z: -1.000001}
  m_Children: []
  m_Father: {fileID: 7342501499016271714}
  m_RootOrder: 3
  m_LocalEulerAnglesHint: {x: 0, y: 0, z: 0}
--- !u!1 &2276064728621615305
GameObject:
  m_ObjectHideFlags: 0
  m_CorrespondingSourceObject: {fileID: 0}
  m_PrefabInstance: {fileID: 0}
  m_PrefabAsset: {fileID: 0}
  serializedVersion: 6
  m_Component:
  - component: {fileID: 1282119994155038388}
  m_Layer: 0
  m_Name: Bone019
  m_TagString: Untagged
  m_Icon: {fileID: 0}
  m_NavMeshLayer: 0
  m_StaticEditorFlags: 0
  m_IsActive: 1
--- !u!4 &1282119994155038388
Transform:
  m_ObjectHideFlags: 0
  m_CorrespondingSourceObject: {fileID: 0}
  m_PrefabInstance: {fileID: 0}
  m_PrefabAsset: {fileID: 0}
  m_GameObject: {fileID: 2276064728621615305}
  m_LocalRotation: {x: -0.000008798404, y: -0.000008787815, z: 0.71089816, w: 0.70329493}
  m_LocalPosition: {x: -0, y: 3.0337977, z: -0.0000000039115546}
  m_LocalScale: {x: 1, y: 1, z: 1}
  m_Children:
  - {fileID: 1799424325906409024}
  - {fileID: 5675426797487878077}
  - {fileID: 6904503620000946872}
  m_Father: {fileID: 677588746063020235}
  m_RootOrder: 0
  m_LocalEulerAnglesHint: {x: 0, y: 0, z: 0}
--- !u!1 &2530145685024243536
GameObject:
  m_ObjectHideFlags: 0
  m_CorrespondingSourceObject: {fileID: 0}
  m_PrefabInstance: {fileID: 0}
  m_PrefabAsset: {fileID: 0}
  serializedVersion: 6
  m_Component:
  - component: {fileID: 7342501499016271714}
  m_Layer: 0
  m_Name: Bone026
  m_TagString: Untagged
  m_Icon: {fileID: 0}
  m_NavMeshLayer: 0
  m_StaticEditorFlags: 0
  m_IsActive: 1
--- !u!4 &7342501499016271714
Transform:
  m_ObjectHideFlags: 0
  m_CorrespondingSourceObject: {fileID: 0}
  m_PrefabInstance: {fileID: 0}
  m_PrefabAsset: {fileID: 0}
  m_GameObject: {fileID: 2530145685024243536}
  m_LocalRotation: {x: 0.6658545, y: -0.20514469, z: -0.21560429, w: 0.6841551}
  m_LocalPosition: {x: -0.9389494, y: 0.021831665, z: -1.0913936e-13}
  m_LocalScale: {x: 0.943711, y: 1.000012, z: 1.007778}
  m_Children:
  - {fileID: 4340579312041352014}
  - {fileID: 585855603214286881}
  - {fileID: 2756966680446206842}
  - {fileID: 5961261679447577915}
  m_Father: {fileID: 1493464837700570357}
  m_RootOrder: 0
  m_LocalEulerAnglesHint: {x: 0, y: 0, z: 0}
--- !u!1 &2898243214102710037
GameObject:
  m_ObjectHideFlags: 0
  m_CorrespondingSourceObject: {fileID: 0}
  m_PrefabInstance: {fileID: 0}
  m_PrefabAsset: {fileID: 0}
  serializedVersion: 6
  m_Component:
  - component: {fileID: 9007914531103497559}
  m_Layer: 0
  m_Name: Bone023
  m_TagString: Untagged
  m_Icon: {fileID: 0}
  m_NavMeshLayer: 0
  m_StaticEditorFlags: 0
  m_IsActive: 1
--- !u!4 &9007914531103497559
Transform:
  m_ObjectHideFlags: 0
  m_CorrespondingSourceObject: {fileID: 0}
  m_PrefabInstance: {fileID: 0}
  m_PrefabAsset: {fileID: 0}
  m_GameObject: {fileID: 2898243214102710037}
  m_LocalRotation: {x: -4.118346e-14, y: -0.00000023841858, z: -9.818902e-21, w: 1}
  m_LocalPosition: {x: -1.0004747, y: -0.000000114440915, z: 1.1641532e-12}
  m_LocalScale: {x: 1, y: 1, z: 1}
  m_Children: []
  m_Father: {fileID: 6904503620000946872}
  m_RootOrder: 0
  m_LocalEulerAnglesHint: {x: 0, y: 0, z: 0}
--- !u!1 &3329217688582422599
GameObject:
  m_ObjectHideFlags: 0
  m_CorrespondingSourceObject: {fileID: 0}
  m_PrefabInstance: {fileID: 0}
  m_PrefabAsset: {fileID: 0}
  serializedVersion: 6
  m_Component:
  - component: {fileID: 7294839055948783034}
  m_Layer: 0
  m_Name: Bone013
  m_TagString: Untagged
  m_Icon: {fileID: 0}
  m_NavMeshLayer: 0
  m_StaticEditorFlags: 0
  m_IsActive: 1
--- !u!4 &7294839055948783034
Transform:
  m_ObjectHideFlags: 0
  m_CorrespondingSourceObject: {fileID: 0}
  m_PrefabInstance: {fileID: 0}
  m_PrefabAsset: {fileID: 0}
  m_GameObject: {fileID: 3329217688582422599}
  m_LocalRotation: {x: -0.32148054, y: 0.6940165, z: 0.64094746, w: 0.06463508}
  m_LocalPosition: {x: -2.8043365, y: -0.01771289, z: -0.018749999}
  m_LocalScale: {x: -1, y: -1, z: -1.000001}
  m_Children: []
  m_Father: {fileID: 7166323890317224283}
  m_RootOrder: 3
  m_LocalEulerAnglesHint: {x: 0, y: 0, z: 0}
--- !u!1 &3946774182549394791
GameObject:
  m_ObjectHideFlags: 0
  m_CorrespondingSourceObject: {fileID: 0}
  m_PrefabInstance: {fileID: 0}
  m_PrefabAsset: {fileID: 0}
  serializedVersion: 6
  m_Component:
  - component: {fileID: 5416965278666586103}
  m_Layer: 0
  m_Name: Bone024
  m_TagString: Untagged
  m_Icon: {fileID: 0}
  m_NavMeshLayer: 0
  m_StaticEditorFlags: 0
  m_IsActive: 1
--- !u!4 &5416965278666586103
Transform:
  m_ObjectHideFlags: 0
  m_CorrespondingSourceObject: {fileID: 0}
  m_PrefabInstance: {fileID: 0}
  m_PrefabAsset: {fileID: 0}
  m_GameObject: {fileID: 3946774182549394791}
  m_LocalRotation: {x: 0.000003167324, y: 0.0000070926358, z: 0.9120306, w: -0.41012225}
  m_LocalPosition: {x: -2.0312939, y: 0.8043325, z: -0.000012512207}
  m_LocalScale: {x: 0.977315, y: 1, z: 1}
  m_Children:
  - {fileID: 7166323890317224283}
  m_Father: {fileID: 1799424325906409024}
  m_RootOrder: 1
  m_LocalEulerAnglesHint: {x: 0, y: 0, z: 0}
--- !u!1 &4293504213186836817
GameObject:
  m_ObjectHideFlags: 0
  m_CorrespondingSourceObject: {fileID: 0}
  m_PrefabInstance: {fileID: 0}
  m_PrefabAsset: {fileID: 0}
  serializedVersion: 6
  m_Component:
  - component: {fileID: 1799424325906409024}
  m_Layer: 0
  m_Name: Bone001
  m_TagString: Untagged
  m_Icon: {fileID: 0}
  m_NavMeshLayer: 0
  m_StaticEditorFlags: 0
  m_IsActive: 1
--- !u!4 &1799424325906409024
Transform:
  m_ObjectHideFlags: 0
  m_CorrespondingSourceObject: {fileID: 0}
  m_PrefabInstance: {fileID: 0}
  m_PrefabAsset: {fileID: 0}
  m_GameObject: {fileID: 4293504213186836817}
  m_LocalRotation: {x: 0.00000002772126, y: -0.0000047247813, z: 0.9999943, w: 0.003384345}
  m_LocalPosition: {x: 0.03277435, y: -0.0003524208, z: 7.2759575e-14}
  m_LocalScale: {x: 1, y: 1, z: 1}
  m_Children:
  - {fileID: 2516299457992296169}
  - {fileID: 5416965278666586103}
  - {fileID: 1493464837700570357}
  m_Father: {fileID: 1282119994155038388}
  m_RootOrder: 0
  m_LocalEulerAnglesHint: {x: 0, y: 0, z: 0}
--- !u!1 &4360830041243302747
GameObject:
  m_ObjectHideFlags: 0
  m_CorrespondingSourceObject: {fileID: 0}
  m_PrefabInstance: {fileID: 0}
  m_PrefabAsset: {fileID: 0}
  serializedVersion: 6
  m_Component:
  - component: {fileID: 4340579312041352014}
  m_Layer: 0
  m_Name: Bone027
  m_TagString: Untagged
  m_Icon: {fileID: 0}
  m_NavMeshLayer: 0
  m_StaticEditorFlags: 0
  m_IsActive: 1
--- !u!4 &4340579312041352014
Transform:
  m_ObjectHideFlags: 0
  m_CorrespondingSourceObject: {fileID: 0}
  m_PrefabInstance: {fileID: 0}
  m_PrefabAsset: {fileID: 0}
  m_GameObject: {fileID: 4360830041243302747}
  m_LocalRotation: {x: -0.6198892, y: -0.05935834, z: -0.31870806, w: 0.7145902}
  m_LocalPosition: {x: -2.804336, y: -0.017712725, z: -0.018754425}
  m_LocalScale: {x: 1, y: 1, z: 1.000001}
  m_Children: []
  m_Father: {fileID: 7342501499016271714}
  m_RootOrder: 0
  m_LocalEulerAnglesHint: {x: 0, y: 0, z: 0}
--- !u!1 &4445435165699302053
GameObject:
  m_ObjectHideFlags: 0
  m_CorrespondingSourceObject: {fileID: 0}
  m_PrefabInstance: {fileID: 0}
  m_PrefabAsset: {fileID: 0}
  serializedVersion: 6
  m_Component:
  - component: {fileID: 2516299457992296169}
  m_Layer: 0
  m_Name: Bone002
  m_TagString: Untagged
  m_Icon: {fileID: 0}
  m_NavMeshLayer: 0
  m_StaticEditorFlags: 0
  m_IsActive: 1
--- !u!4 &2516299457992296169
Transform:
  m_ObjectHideFlags: 0
  m_CorrespondingSourceObject: {fileID: 0}
  m_PrefabInstance: {fileID: 0}
  m_PrefabAsset: {fileID: 0}
  m_GameObject: {fileID: 4445435165699302053}
  m_LocalRotation: {x: -0.0048577557, y: -0.21643692, z: -0.0010766659, w: 0.97628397}
  m_LocalPosition: {x: -2.2854388, y: 0.00000022292137, z: -0.000000020884098}
  m_LocalScale: {x: 0.83901, y: 1, z: 1}
  m_Children:
  - {fileID: 1923394738290930722}
  - {fileID: 859132480757078240}
  m_Father: {fileID: 1799424325906409024}
  m_RootOrder: 0
  m_LocalEulerAnglesHint: {x: 0, y: 0, z: 0}
--- !u!1 &5102955955863200361
GameObject:
  m_ObjectHideFlags: 0
  m_CorrespondingSourceObject: {fileID: 0}
  m_PrefabInstance: {fileID: 0}
  m_PrefabAsset: {fileID: 0}
  serializedVersion: 6
  m_Component:
  - component: {fileID: 1493464837700570357}
  m_Layer: 0
  m_Name: Bone025
  m_TagString: Untagged
  m_Icon: {fileID: 0}
  m_NavMeshLayer: 0
  m_StaticEditorFlags: 0
  m_IsActive: 1
--- !u!4 &1493464837700570357
Transform:
  m_ObjectHideFlags: 0
  m_CorrespondingSourceObject: {fileID: 0}
  m_PrefabInstance: {fileID: 0}
  m_PrefabAsset: {fileID: 0}
  m_GameObject: {fileID: 5102955955863200361}
  m_LocalRotation: {x: 0.9103894, y: -0.41375256, z: 0.0000029893968, w: 0.0000068582312}
  m_LocalPosition: {x: -2.0376382, y: -0.7881177, z: 0.00001220703}
  m_LocalScale: {x: -0.977315, y: -1, z: -1}
  m_Children:
  - {fileID: 7342501499016271714}
  m_Father: {fileID: 1799424325906409024}
  m_RootOrder: 2
  m_LocalEulerAnglesHint: {x: 0, y: 0, z: 0}
--- !u!1 &5380568161914538556
GameObject:
  m_ObjectHideFlags: 0
  m_CorrespondingSourceObject: {fileID: 0}
  m_PrefabInstance: {fileID: 0}
  m_PrefabAsset: {fileID: 0}
  serializedVersion: 6
  m_Component:
  - component: {fileID: 278237904292708458}
  m_Layer: 0
  m_Name: Bone021
  m_TagString: Untagged
  m_Icon: {fileID: 0}
  m_NavMeshLayer: 0
  m_StaticEditorFlags: 0
  m_IsActive: 1
--- !u!4 &278237904292708458
Transform:
  m_ObjectHideFlags: 0
  m_CorrespondingSourceObject: {fileID: 0}
  m_PrefabInstance: {fileID: 0}
  m_PrefabAsset: {fileID: 0}
  m_GameObject: {fileID: 5380568161914538556}
  m_LocalRotation: {x: 0.000000029802337, y: -0.00000006806309, z: -3.5116053e-12, w: 1}
  m_LocalPosition: {x: -1.0004748, y: 0.000000076293944, z: -0.00000030517577}
  m_LocalScale: {x: 1, y: 1, z: 1}
  m_Children: []
  m_Father: {fileID: 5675426797487878077}
  m_RootOrder: 0
  m_LocalEulerAnglesHint: {x: 0, y: 0, z: 0}
--- !u!1 &5388994196405348771
GameObject:
  m_ObjectHideFlags: 0
  m_CorrespondingSourceObject: {fileID: 0}
  m_PrefabInstance: {fileID: 0}
  m_PrefabAsset: {fileID: 0}
  serializedVersion: 6
  m_Component:
  - component: {fileID: 7973154138722351863}
  m_Layer: 0
  m_Name: Bone011
  m_TagString: Untagged
  m_Icon: {fileID: 0}
  m_NavMeshLayer: 0
  m_StaticEditorFlags: 0
  m_IsActive: 1
--- !u!4 &7973154138722351863
Transform:
  m_ObjectHideFlags: 0
  m_CorrespondingSourceObject: {fileID: 0}
  m_PrefabInstance: {fileID: 0}
  m_PrefabAsset: {fileID: 0}
  m_GameObject: {fileID: 5388994196405348771}
  m_LocalRotation: {x: -0.619889, y: -0.059358124, z: -0.31870764, w: 0.71459055}
  m_LocalPosition: {x: -2.8043365, y: -0.01771289, z: -0.018749999}
  m_LocalScale: {x: 1, y: 1, z: 1}
  m_Children: []
  m_Father: {fileID: 7166323890317224283}
  m_RootOrder: 1
  m_LocalEulerAnglesHint: {x: 0, y: 0, z: 0}
--- !u!1 &5495325959785851592
GameObject:
  m_ObjectHideFlags: 0
  m_CorrespondingSourceObject: {fileID: 0}
  m_PrefabInstance: {fileID: 0}
  m_PrefabAsset: {fileID: 0}
  serializedVersion: 6
  m_Component:
  - component: {fileID: 859132480757078240}
  m_Layer: 0
  m_Name: Bone004
  m_TagString: Untagged
  m_Icon: {fileID: 0}
  m_NavMeshLayer: 0
  m_StaticEditorFlags: 0
  m_IsActive: 1
--- !u!4 &859132480757078240
Transform:
  m_ObjectHideFlags: 0
  m_CorrespondingSourceObject: {fileID: 0}
  m_PrefabInstance: {fileID: 0}
  m_PrefabAsset: {fileID: 0}
  m_GameObject: {fileID: 5495325959785851592}
  m_LocalRotation: {x: -0.22236545, y: 0.663923, z: 0.67799383, w: 0.2237949}
  m_LocalPosition: {x: -0.64077634, y: 0.008820763, z: -0.008033294}
  m_LocalScale: {x: 1.42466, y: 1.411497, z: 1.000012}
  m_Children: []
  m_Father: {fileID: 2516299457992296169}
  m_RootOrder: 1
  m_LocalEulerAnglesHint: {x: 0, y: 0, z: 0}
--- !u!1 &7160597507540080991
GameObject:
  m_ObjectHideFlags: 0
  m_CorrespondingSourceObject: {fileID: 0}
  m_PrefabInstance: {fileID: 0}
  m_PrefabAsset: {fileID: 0}
  serializedVersion: 6
  m_Component:
  - component: {fileID: 5675426797487878077}
  m_Layer: 0
  m_Name: Bone020
  m_TagString: Untagged
  m_Icon: {fileID: 0}
  m_NavMeshLayer: 0
  m_StaticEditorFlags: 0
  m_IsActive: 1
--- !u!4 &5675426797487878077
Transform:
  m_ObjectHideFlags: 0
  m_CorrespondingSourceObject: {fileID: 0}
  m_PrefabInstance: {fileID: 0}
  m_PrefabAsset: {fileID: 0}
  m_GameObject: {fileID: 7160597507540080991}
  m_LocalRotation: {x: 0.000004270579, y: 0.00000021546171, z: -0.0053763143, w: 0.9999856}
  m_LocalPosition: {x: -0.5061673, y: -0.6274925, z: -0.000005035402}
  m_LocalScale: {x: 1, y: 1, z: 1}
  m_Children:
  - {fileID: 278237904292708458}
  m_Father: {fileID: 1282119994155038388}
  m_RootOrder: 1
  m_LocalEulerAnglesHint: {x: 0, y: 0, z: 0}
--- !u!1 &8904282614134891251
GameObject:
  m_ObjectHideFlags: 0
  m_CorrespondingSourceObject: {fileID: 0}
  m_PrefabInstance: {fileID: 0}
  m_PrefabAsset: {fileID: 0}
  serializedVersion: 6
  m_Component:
  - component: {fileID: 585855603214286881}
  m_Layer: 0
  m_Name: Bone028
  m_TagString: Untagged
  m_Icon: {fileID: 0}
  m_NavMeshLayer: 0
  m_StaticEditorFlags: 0
  m_IsActive: 1
--- !u!4 &585855603214286881
Transform:
  m_ObjectHideFlags: 0
  m_CorrespondingSourceObject: {fileID: 0}
  m_PrefabInstance: {fileID: 0}
  m_PrefabAsset: {fileID: 0}
  m_GameObject: {fileID: 8904282614134891251}
  m_LocalRotation: {x: 0.96961915, y: -0.21895394, z: -0.083034776, w: -0.07073318}
  m_LocalPosition: {x: -2.902829, y: 0.035670146, z: 0.11588714}
  m_LocalScale: {x: 0.909798, y: 1, z: 1.000001}
  m_Children: []
  m_Father: {fileID: 7342501499016271714}
  m_RootOrder: 1
  m_LocalEulerAnglesHint: {x: 0, y: 0, z: 0}
