%YAML 1.1
%TAG !u! tag:unity3d.com,2011:
--- !u!1 &399884065521072797
GameObject:
  m_ObjectHideFlags: 0
  m_CorrespondingSourceObject: {fileID: 0}
  m_PrefabInstance: {fileID: 0}
  m_PrefabAsset: {fileID: 0}
  serializedVersion: 6
  m_Component:
  - component: {fileID: 6837764162221740956}
  m_Layer: 0
  m_Name: Bip001 L UpperArm
  m_TagString: Untagged
  m_Icon: {fileID: 0}
  m_NavMeshLayer: 0
  m_StaticEditorFlags: 0
  m_IsActive: 1
--- !u!4 &6837764162221740956
Transform:
  m_ObjectHideFlags: 0
  m_CorrespondingSourceObject: {fileID: 0}
  m_PrefabInstance: {fileID: 0}
  m_PrefabAsset: {fileID: 0}
  m_GameObject: {fileID: 399884065521072797}
  m_LocalRotation: {x: -0.0087649515, y: -0.45679197, z: -0.027746737, w: 0.8890975}
  m_LocalPosition: {x: -0.1730783, y: -4.547474e-15, z: 0}
  m_LocalScale: {x: 1, y: 1, z: 1}
  m_Children:
  - {fileID: 7160370655979588973}
  m_Father: {fileID: 5053601921950873420}
  m_RootOrder: 0
  m_LocalEulerAnglesHint: {x: 0, y: 0, z: 0}
--- !u!1 &767968646586526171
GameObject:
  m_ObjectHideFlags: 0
  m_CorrespondingSourceObject: {fileID: 0}
  m_PrefabInstance: {fileID: 0}
  m_PrefabAsset: {fileID: 0}
  serializedVersion: 6
  m_Component:
  - component: {fileID: 8917026650189027188}
  m_Layer: 0
  m_Name: Bip001 Footsteps
  m_TagString: Untagged
  m_Icon: {fileID: 0}
  m_NavMeshLayer: 0
  m_StaticEditorFlags: 0
  m_IsActive: 1
--- !u!4 &8917026650189027188
Transform:
  m_ObjectHideFlags: 0
  m_CorrespondingSourceObject: {fileID: 0}
  m_PrefabInstance: {fileID: 0}
  m_PrefabAsset: {fileID: 0}
  m_GameObject: {fileID: 767968646586526171}
  m_LocalRotation: {x: 0, y: -0, z: -0.7071063, w: 0.70710725}
  m_LocalPosition: {x: -0, y: 0, z: -0.57818466}
  m_LocalScale: {x: 1, y: 1, z: 1}
  m_Children: []
  m_Father: {fileID: 3261885358270310200}
  m_RootOrder: 0
  m_LocalEulerAnglesHint: {x: 0, y: 0, z: 0}
--- !u!1 &872049635238802423
GameObject:
  m_ObjectHideFlags: 0
  m_CorrespondingSourceObject: {fileID: 0}
  m_PrefabInstance: {fileID: 0}
  m_PrefabAsset: {fileID: 0}
  serializedVersion: 6
  m_Component:
  - component: {fileID: 3854409076433298022}
  m_Layer: 0
  m_Name: Bip001 Neck
  m_TagString: Untagged
  m_Icon: {fileID: 0}
  m_NavMeshLayer: 0
  m_StaticEditorFlags: 0
  m_IsActive: 1
--- !u!4 &3854409076433298022
Transform:
  m_ObjectHideFlags: 0
  m_CorrespondingSourceObject: {fileID: 0}
  m_PrefabInstance: {fileID: 0}
  m_PrefabAsset: {fileID: 0}
  m_GameObject: {fileID: 872049635238802423}
  m_LocalRotation: {x: -3.0117673e-14, y: 0, z: -0, w: 1}
  m_LocalPosition: {x: -0.2120269, y: -0.0001143245, z: -3.1709022e-10}
  m_LocalScale: {x: 1, y: 1, z: 1}
  m_Children:
  - {fileID: 689828462354953488}
  - {fileID: 5053601921950873420}
  - {fileID: 3699223004983227978}
  m_Father: {fileID: 2864094869626709045}
  m_RootOrder: 0
  m_LocalEulerAnglesHint: {x: 0, y: 0, z: 0}
--- !u!1 &956788968530832803
GameObject:
  m_ObjectHideFlags: 0
  m_CorrespondingSourceObject: {fileID: 0}
  m_PrefabInstance: {fileID: 0}
  m_PrefabAsset: {fileID: 0}
  serializedVersion: 6
  m_Component:
  - component: {fileID: 7582399772471697679}
  m_Layer: 0
  m_Name: Bip001 R Finger0
  m_TagString: Untagged
  m_Icon: {fileID: 0}
  m_NavMeshLayer: 0
  m_StaticEditorFlags: 0
  m_IsActive: 1
--- !u!4 &7582399772471697679
Transform:
  m_ObjectHideFlags: 0
  m_CorrespondingSourceObject: {fileID: 0}
  m_PrefabInstance: {fileID: 0}
  m_PrefabAsset: {fileID: 0}
  m_GameObject: {fileID: 956788968530832803}
  m_LocalRotation: {x: 0.00039816284, y: 0.000000003731223, z: 0.0000000148996735, w: 0.99999994}
  m_LocalPosition: {x: -0.126316, y: 0, z: 0}
  m_LocalScale: {x: 1, y: 0.9999999, z: 0.9999999}
  m_Children:
  - {fileID: 6861640274233450677}
  m_Father: {fileID: 1747735994083580214}
  m_RootOrder: 0
  m_LocalEulerAnglesHint: {x: 0, y: 0, z: 0}
--- !u!1 &987400284747939109
GameObject:
  m_ObjectHideFlags: 0
  m_CorrespondingSourceObject: {fileID: 0}
  m_PrefabInstance: {fileID: 0}
  m_PrefabAsset: {fileID: 0}
  serializedVersion: 6
  m_Component:
  - component: {fileID: 5279981376914400784}
  m_Layer: 0
  m_Name: Bip001 L Finger0Nub
  m_TagString: Untagged
  m_Icon: {fileID: 0}
  m_NavMeshLayer: 0
  m_StaticEditorFlags: 0
  m_IsActive: 1
--- !u!4 &5279981376914400784
Transform:
  m_ObjectHideFlags: 0
  m_CorrespondingSourceObject: {fileID: 0}
  m_PrefabInstance: {fileID: 0}
  m_PrefabAsset: {fileID: 0}
  m_GameObject: {fileID: 987400284747939109}
  m_LocalRotation: {x: 0, y: 0, z: 0.000000029802326, w: 1}
  m_LocalPosition: {x: -0.04160542, y: 0, z: -0.000000004768372}
  m_LocalScale: {x: 1, y: 1, z: 1}
  m_Children: []
  m_Father: {fileID: 4223208757813534165}
  m_RootOrder: 0
  m_LocalEulerAnglesHint: {x: 0, y: 0, z: 0}
--- !u!1 &995626170904535480
GameObject:
  m_ObjectHideFlags: 0
  m_CorrespondingSourceObject: {fileID: 0}
  m_PrefabInstance: {fileID: 0}
  m_PrefabAsset: {fileID: 0}
  serializedVersion: 6
  m_Component:
  - component: {fileID: 3013451230177804663}
  m_Layer: 0
  m_Name: Bip001 R UpperArm
  m_TagString: Untagged
  m_Icon: {fileID: 0}
  m_NavMeshLayer: 0
  m_StaticEditorFlags: 0
  m_IsActive: 1
--- !u!4 &3013451230177804663
Transform:
  m_ObjectHideFlags: 0
  m_CorrespondingSourceObject: {fileID: 0}
  m_PrefabInstance: {fileID: 0}
  m_PrefabAsset: {fileID: 0}
  m_GameObject: {fileID: 995626170904535480}
  m_LocalRotation: {x: 0.0087649515, y: 0.45679197, z: -0.027746737, w: 0.8890975}
  m_LocalPosition: {x: -0.1730783, y: 0, z: 0}
  m_LocalScale: {x: 1, y: 1, z: 1}
  m_Children:
  - {fileID: 5112263737375124952}
  m_Father: {fileID: 3699223004983227978}
  m_RootOrder: 0
  m_LocalEulerAnglesHint: {x: 0, y: 0, z: 0}
--- !u!1 &1580984145341430792
GameObject:
  m_ObjectHideFlags: 0
  m_CorrespondingSourceObject: {fileID: 0}
  m_PrefabInstance: {fileID: 0}
  m_PrefabAsset: {fileID: 0}
  serializedVersion: 6
  m_Component:
  - component: {fileID: 3073524802673347958}
  m_Layer: 0
  m_Name: Bip001 Spine
  m_TagString: Untagged
  m_Icon: {fileID: 0}
  m_NavMeshLayer: 0
  m_StaticEditorFlags: 0
  m_IsActive: 1
--- !u!4 &3073524802673347958
Transform:
  m_ObjectHideFlags: 0
  m_CorrespondingSourceObject: {fileID: 0}
  m_PrefabInstance: {fileID: 0}
  m_PrefabAsset: {fileID: 0}
  m_GameObject: {fileID: 1580984145341430792}
  m_LocalRotation: {x: -0.0000020804757, y: 0.00000069367604, z: -0.000398159, w: 0.99999994}
  m_LocalPosition: {x: -0.15310779, y: -0.0001888032, z: 0.00000021259169}
  m_LocalScale: {x: 1, y: 0.9999999, z: 0.9999999}
  m_Children:
  - {fileID: 7205439215824531872}
  - {fileID: 2028683927576983086}
  - {fileID: 2864094869626709045}
  m_Father: {fileID: 4486635143315919704}
  m_RootOrder: 0
  m_LocalEulerAnglesHint: {x: 0, y: 0, z: 0}
--- !u!1 &1592773058201531558
GameObject:
  m_ObjectHideFlags: 0
  m_CorrespondingSourceObject: {fileID: 0}
  m_PrefabInstance: {fileID: 0}
  m_PrefabAsset: {fileID: 0}
  serializedVersion: 6
  m_Component:
  - component: {fileID: 6861640274233450677}
  m_Layer: 0
  m_Name: Bip001 R Finger0Nub
  m_TagString: Untagged
  m_Icon: {fileID: 0}
  m_NavMeshLayer: 0
  m_StaticEditorFlags: 0
  m_IsActive: 1
--- !u!4 &6861640274233450677
Transform:
  m_ObjectHideFlags: 0
  m_CorrespondingSourceObject: {fileID: 0}
  m_PrefabInstance: {fileID: 0}
  m_PrefabAsset: {fileID: 0}
  m_GameObject: {fileID: 1592773058201531558}
  m_LocalRotation: {x: 0.00000000372529, y: -0.000000001862645, z: 1, w: 6.817123e-17}
  m_LocalPosition: {x: -0.041605428, y: 0, z: 0}
  m_LocalScale: {x: -1, y: -1, z: -1}
  m_Children: []
  m_Father: {fileID: 7582399772471697679}
  m_RootOrder: 0
  m_LocalEulerAnglesHint: {x: 0, y: 0, z: 0}
--- !u!1 &1771035280258891378
GameObject:
  m_ObjectHideFlags: 0
  m_CorrespondingSourceObject: {fileID: 0}
  m_PrefabInstance: {fileID: 0}
  m_PrefabAsset: {fileID: 0}
  serializedVersion: 6
  m_Component:
  - component: {fileID: 5112263737375124952}
  m_Layer: 0
  m_Name: Bip001 R Forearm
  m_TagString: Untagged
  m_Icon: {fileID: 0}
  m_NavMeshLayer: 0
  m_StaticEditorFlags: 0
  m_IsActive: 1
--- !u!4 &5112263737375124952
Transform:
  m_ObjectHideFlags: 0
  m_CorrespondingSourceObject: {fileID: 0}
  m_PrefabInstance: {fileID: 0}
  m_PrefabAsset: {fileID: 0}
  m_GameObject: {fileID: 1771035280258891378}
  m_LocalRotation: {x: -0.000000005682009, y: -0.00000003018948, z: 0.058909256, w: 0.99826336}
  m_LocalPosition: {x: -0.2194628, y: 5.960464e-10, z: -0.00000007629395}
  m_LocalScale: {x: 0.9999999, y: 0.9999999, z: 0.9999999}
  m_Children:
  - {fileID: 1747735994083580214}
  m_Father: {fileID: 3013451230177804663}
  m_RootOrder: 0
  m_LocalEulerAnglesHint: {x: 0, y: 0, z: 0}
--- !u!1 &1930545892839569591
GameObject:
  m_ObjectHideFlags: 0
  m_CorrespondingSourceObject: {fileID: 0}
  m_PrefabInstance: {fileID: 0}
  m_PrefabAsset: {fileID: 0}
  serializedVersion: 6
  m_Component:
  - component: {fileID: 8196127116582804443}
  m_Layer: 0
  m_Name: Bip001 L Hand
  m_TagString: Untagged
  m_Icon: {fileID: 0}
  m_NavMeshLayer: 0
  m_StaticEditorFlags: 0
  m_IsActive: 1
--- !u!4 &8196127116582804443
Transform:
  m_ObjectHideFlags: 0
  m_CorrespondingSourceObject: {fileID: 0}
  m_PrefabInstance: {fileID: 0}
  m_PrefabAsset: {fileID: 0}
  m_GameObject: {fileID: 1930545892839569591}
  m_LocalRotation: {x: -0.7068252, y: 0.000000021081815, z: 0.000000021065036, w: 0.7073883}
  m_LocalPosition: {x: -0.1605991, y: 0.000000004768372, z: 0}
  m_LocalScale: {x: 1, y: 1, z: 1}
  m_Children:
  - {fileID: 4223208757813534165}
  m_Father: {fileID: 7160370655979588973}
  m_RootOrder: 0
  m_LocalEulerAnglesHint: {x: 0, y: 0, z: 0}
--- !u!1 &1987138787011132367
GameObject:
  m_ObjectHideFlags: 0
  m_CorrespondingSourceObject: {fileID: 0}
  m_PrefabInstance: {fileID: 0}
  m_PrefabAsset: {fileID: 0}
  serializedVersion: 6
  m_Component:
  - component: {fileID: 5643920258959765177}
  - component: {fileID: 3436893021549367120}
  m_Layer: 0
  m_Name: Sphere001
  m_TagString: Untagged
  m_Icon: {fileID: 0}
  m_NavMeshLayer: 0
  m_StaticEditorFlags: 0
  m_IsActive: 1
--- !u!4 &5643920258959765177
Transform:
  m_ObjectHideFlags: 0
  m_CorrespondingSourceObject: {fileID: 0}
  m_PrefabInstance: {fileID: 0}
  m_PrefabAsset: {fileID: 0}
  m_GameObject: {fileID: 1987138787011132367}
  m_LocalRotation: {x: -0.7071068, y: 0, z: -0, w: 0.7071068}
  m_LocalPosition: {x: -0, y: 0, z: -2.3531975e-20}
  m_LocalScale: {x: 1.260498, y: 1.260498, z: 1.260498}
  m_Children: []
  m_Father: {fileID: 2429475468065919502}
  m_RootOrder: 1
  m_LocalEulerAnglesHint: {x: 0, y: 0, z: 0}
--- !u!137 &3436893021549367120
SkinnedMeshRenderer:
  m_ObjectHideFlags: 0
  m_CorrespondingSourceObject: {fileID: 0}
  m_PrefabInstance: {fileID: 0}
  m_PrefabAsset: {fileID: 0}
  m_GameObject: {fileID: 1987138787011132367}
  m_Enabled: 1
  m_CastShadows: 1
  m_ReceiveShadows: 1
  m_DynamicOccludee: 1
  m_MotionVectors: 1
  m_LightProbeUsage: 1
  m_ReflectionProbeUsage: 1
  m_RayTracingMode: 3
  m_RayTraceProcedural: 0
  m_RenderingLayerMask: 1
  m_RendererPriority: 0
  m_Materials:
  - {fileID: 2100000, guid: a578f20be247db242aa499e4b1673853, type: 2}
  m_StaticBatchInfo:
    firstSubMesh: 0
    subMeshCount: 0
  m_StaticBatchRoot: {fileID: 0}
  m_ProbeAnchor: {fileID: 0}
  m_LightProbeVolumeOverride: {fileID: 0}
  m_ScaleInLightmap: 1
  m_ReceiveGI: 1
  m_PreserveUVs: 0
  m_IgnoreNormalsForChartDetection: 0
  m_ImportantGI: 0
  m_StitchLightmapSeams: 1
  m_SelectedEditorRenderState: 3
  m_MinimumChartSize: 4
  m_AutoUVMaxDistance: 0.5
  m_AutoUVMaxAngle: 89
  m_LightmapParameters: {fileID: 0}
  m_SortingLayerID: 0
  m_SortingLayer: 0
  m_SortingOrder: 0
  serializedVersion: 2
  m_Quality: 0
  m_UpdateWhenOffscreen: 0
  m_SkinnedMotionVectors: 1
  m_Mesh: {fileID: 973877516759717424, guid: a72aeec582ebc2543942425d79894d6b, type: 3}
  m_Bones:
  - {fileID: 689828462354953488}
  - {fileID: 2864094869626709045}
  - {fileID: 3073524802673347958}
  - {fileID: 3854409076433298022}
  - {fileID: 5053601921950873420}
  - {fileID: 6837764162221740956}
  - {fileID: 3699223004983227978}
  - {fileID: 3013451230177804663}
  - {fileID: 3261885358270310200}
  - {fileID: 4486635143315919704}
  - {fileID: 7160370655979588973}
  - {fileID: 7205439215824531872}
  - {fileID: 6722594193569319544}
  - {fileID: 2887605654957898114}
  - {fileID: 2028683927576983086}
  - {fileID: 5112263737375124952}
  - {fileID: 4725657204347068101}
  - {fileID: 1606598376099546105}
  - {fileID: 1653538301084218971}
  - {fileID: 7837180810215111756}
  - {fileID: 7582399772471697679}
  - {fileID: 1747735994083580214}
  - {fileID: 4223208757813534165}
  - {fileID: 8196127116582804443}
  m_BlendShapeWeights: []
  m_RootBone: {fileID: 3261885358270310200}
  m_AABB:
    m_Center: {x: -0.03800124, y: -0.0031996071, z: 0.5320795}
    m_Extent: {x: 0.37311348, y: 0.6725199, z: 1.1327965}
  m_DirtyAABB: 0
--- !u!1 &2042297724203578699
GameObject:
  m_ObjectHideFlags: 0
  m_CorrespondingSourceObject: {fileID: 0}
  m_PrefabInstance: {fileID: 0}
  m_PrefabAsset: {fileID: 0}
  serializedVersion: 6
  m_Component:
  - component: {fileID: 3261885358270310200}
  m_Layer: 0
  m_Name: Bip001
  m_TagString: Untagged
  m_Icon: {fileID: 0}
  m_NavMeshLayer: 0
  m_StaticEditorFlags: 0
  m_IsActive: 1
--- !u!4 &3261885358270310200
Transform:
  m_ObjectHideFlags: 0
  m_CorrespondingSourceObject: {fileID: 0}
  m_PrefabInstance: {fileID: 0}
  m_PrefabAsset: {fileID: 0}
  m_GameObject: {fileID: 2042297724203578699}
  m_LocalRotation: {x: -0.50000036, y: 0.49999967, z: 0.49999967, w: 0.50000036}
  m_LocalPosition: {x: -0, y: 0.5802978, z: 0}
  m_LocalScale: {x: 0.9999999, y: 0.9999999, z: 1}
  m_Children:
  - {fileID: 8917026650189027188}
  - {fileID: 4486635143315919704}
  m_Father: {fileID: 2429475468065919502}
  m_RootOrder: 0
  m_LocalEulerAnglesHint: {x: 0, y: 0, z: 0}
--- !u!1 &2091576867485685205
GameObject:
  m_ObjectHideFlags: 0
  m_CorrespondingSourceObject: {fileID: 0}
  m_PrefabInstance: {fileID: 0}
  m_PrefabAsset: {fileID: 0}
  serializedVersion: 6
  m_Component:
  - component: {fileID: 2887605654957898114}
  m_Layer: 0
  m_Name: Bip001 R Calf
  m_TagString: Untagged
  m_Icon: {fileID: 0}
  m_NavMeshLayer: 0
  m_StaticEditorFlags: 0
  m_IsActive: 1
--- !u!4 &2887605654957898114
Transform:
  m_ObjectHideFlags: 0
  m_CorrespondingSourceObject: {fileID: 0}
  m_PrefabInstance: {fileID: 0}
  m_PrefabAsset: {fileID: 0}
  m_GameObject: {fileID: 2091576867485685205}
  m_LocalRotation: {x: 3.5504596e-10, y: 0.000000007500163, z: 0.07697566, w: 0.997033}
  m_LocalPosition: {x: -0.2667302, y: 0, z: 0}
  m_LocalScale: {x: 1, y: 1, z: 1}
  m_Children:
  - {fileID: 4725657204347068101}
  m_Father: {fileID: 2028683927576983086}
  m_RootOrder: 0
  m_LocalEulerAnglesHint: {x: 0, y: 0, z: 0}
--- !u!1 &3097609838057228468
GameObject:
  m_ObjectHideFlags: 0
  m_CorrespondingSourceObject: {fileID: 0}
  m_PrefabInstance: {fileID: 0}
  m_PrefabAsset: {fileID: 0}
  serializedVersion: 6
  m_Component:
  - component: {fileID: 2429475468065919502}
  - component: {fileID: 2755501954236386847}
  - component: {fileID: 2755501954236386844}
  - component: {fileID: 2755501954236386845}
  - component: {fileID: -3119132589659524465}
  m_Layer: 0
  m_Name: Talk1 NPC C
  m_TagString: Untagged
  m_Icon: {fileID: 0}
  m_NavMeshLayer: 0
  m_StaticEditorFlags: 0
  m_IsActive: 1
--- !u!4 &2429475468065919502
Transform:
  m_ObjectHideFlags: 0
  m_CorrespondingSourceObject: {fileID: 0}
  m_PrefabInstance: {fileID: 0}
  m_PrefabAsset: {fileID: 0}
  m_GameObject: {fileID: 3097609838057228468}
  m_LocalRotation: {x: 0, y: 0, z: 0, w: 1}
  m_LocalPosition: {x: 0, y: 0, z: 0}
  m_LocalScale: {x: 1, y: 1, z: 1}
  m_Children:
  - {fileID: 3261885358270310200}
  - {fileID: 5643920258959765177}
  - {fileID: 151006379030186903}
  m_Father: {fileID: 0}
  m_RootOrder: 0
  m_LocalEulerAnglesHint: {x: 0, y: 0, z: 0}
--- !u!136 &2755501954236386847
CapsuleCollider:
  m_ObjectHideFlags: 0
  m_CorrespondingSourceObject: {fileID: 0}
  m_PrefabInstance: {fileID: 0}
  m_PrefabAsset: {fileID: 0}
  m_GameObject: {fileID: 3097609838057228468}
  m_Material: {fileID: 0}
  m_IsTrigger: 0
  m_Enabled: 1
  m_Radius: 0.29305124
  m_Height: 1.913208
  m_Direction: 1
  m_Center: {x: -0.007949352, y: 0.9133301, z: 0}
--- !u!114 &2755501954236386844
MonoBehaviour:
  m_ObjectHideFlags: 0
  m_CorrespondingSourceObject: {fileID: 0}
  m_PrefabInstance: {fileID: 0}
  m_PrefabAsset: {fileID: 0}
  m_GameObject: {fileID: 3097609838057228468}
  m_Enabled: 1
  m_EditorHideFlags: 0
  m_Script: {fileID: 11500000, guid: f1b4a9c6af7dc294d9895fd5aebfe295, type: 3}
  m_Name: 
  m_EditorClassIdentifier: 
  controller: {fileID: 9100000, guid: 54d6e1a8fb0382547b5cb09a2a0e6c08, type: 2}
  avatar: {fileID: 9000000, guid: a72aeec582ebc2543942425d79894d6b, type: 3}
  states: 06000000
  conditions: []
  stateIdx: 0
  roop: 0
  changeTimer: 0
  walkingSpeed: 2.5
  runningSpeed: 3
  damping: 3
  targetTransforms: []
  currTargetIdx: 0
  range: 0.1
--- !u!195 &2755501954236386845
NavMeshAgent:
  m_ObjectHideFlags: 0
  m_CorrespondingSourceObject: {fileID: 0}
  m_PrefabInstance: {fileID: 0}
  m_PrefabAsset: {fileID: 0}
  m_GameObject: {fileID: 3097609838057228468}
  m_Enabled: 1
  m_AgentTypeID: 0
  m_Radius: 0.3
  m_Speed: 3.5
  m_Acceleration: 8
  avoidancePriority: 50
  m_AngularSpeed: 120
  m_StoppingDistance: 0
  m_AutoTraverseOffMeshLink: 1
  m_AutoBraking: 1
  m_AutoRepath: 1
  m_Height: 1.88
  m_BaseOffset: 0
  m_WalkableMask: 4294967295
  m_ObstacleAvoidanceType: 4
--- !u!114 &-3119132589659524465
MonoBehaviour:
  m_ObjectHideFlags: 0
  m_CorrespondingSourceObject: {fileID: 0}
  m_PrefabInstance: {fileID: 0}
  m_PrefabAsset: {fileID: 0}
  m_GameObject: {fileID: 3097609838057228468}
  m_Enabled: 1
  m_EditorHideFlags: 0
  m_Script: {fileID: 11500000, guid: d47ac306ed9a2a4439f468985da77502, type: 3}
  m_Name: 
  m_EditorClassIdentifier: 
  type: 0
  id: 
--- !u!1 &3475940409761523624
GameObject:
  m_ObjectHideFlags: 0
  m_CorrespondingSourceObject: {fileID: 0}
  m_PrefabInstance: {fileID: 0}
  m_PrefabAsset: {fileID: 0}
  serializedVersion: 6
  m_Component:
  - component: {fileID: 4223208757813534165}
  m_Layer: 0
  m_Name: Bip001 L Finger0
  m_TagString: Untagged
  m_Icon: {fileID: 0}
  m_NavMeshLayer: 0
  m_StaticEditorFlags: 0
  m_IsActive: 1
--- !u!4 &4223208757813534165
Transform:
  m_ObjectHideFlags: 0
  m_CorrespondingSourceObject: {fileID: 0}
  m_PrefabInstance: {fileID: 0}
  m_PrefabAsset: {fileID: 0}
  m_GameObject: {fileID: 3475940409761523624}
  m_LocalRotation: {x: -0.00039815909, y: 0.0000000037193568, z: 0.000000014902641, w: 0.99999994}
  m_LocalPosition: {x: -0.126316, y: 0, z: -0.000000004768372}
  m_LocalScale: {x: 1, y: 0.9999999, z: 0.9999999}
  m_Children:
  - {fileID: 5279981376914400784}
  m_Father: {fileID: 8196127116582804443}
  m_RootOrder: 0
  m_LocalEulerAnglesHint: {x: 0, y: 0, z: 0}
--- !u!1 &4221103152773906690
GameObject:
  m_ObjectHideFlags: 0
  m_CorrespondingSourceObject: {fileID: 0}
  m_PrefabInstance: {fileID: 0}
  m_PrefabAsset: {fileID: 0}
  serializedVersion: 6
  m_Component:
  - component: {fileID: 689828462354953488}
  m_Layer: 0
  m_Name: Bip001 Head
  m_TagString: Untagged
  m_Icon: {fileID: 0}
  m_NavMeshLayer: 0
  m_StaticEditorFlags: 0
  m_IsActive: 1
--- !u!4 &689828462354953488
Transform:
  m_ObjectHideFlags: 0
  m_CorrespondingSourceObject: {fileID: 0}
  m_PrefabInstance: {fileID: 0}
  m_PrefabAsset: {fileID: 0}
  m_GameObject: {fileID: 4221103152773906690}
  m_LocalRotation: {x: -7.265591e-14, y: -0.0000000011042735, z: 0.0003988306, w: 0.99999994}
  m_LocalPosition: {x: -0.1147776, y: 0, z: -2.842171e-16}
  m_LocalScale: {x: 1, y: 1, z: 1}
  m_Children:
  - {fileID: 5218844295244300253}
  m_Father: {fileID: 3854409076433298022}
  m_RootOrder: 0
  m_LocalEulerAnglesHint: {x: 0, y: 0, z: 0}
--- !u!1 &4782542851745207858
GameObject:
  m_ObjectHideFlags: 0
  m_CorrespondingSourceObject: {fileID: 0}
  m_PrefabInstance: {fileID: 0}
  m_PrefabAsset: {fileID: 0}
  serializedVersion: 6
  m_Component:
  - component: {fileID: 4725657204347068101}
  m_Layer: 0
  m_Name: Bip001 R Foot
  m_TagString: Untagged
  m_Icon: {fileID: 0}
  m_NavMeshLayer: 0
  m_StaticEditorFlags: 0
  m_IsActive: 1
--- !u!4 &4725657204347068101
Transform:
  m_ObjectHideFlags: 0
  m_CorrespondingSourceObject: {fileID: 0}
  m_PrefabInstance: {fileID: 0}
  m_PrefabAsset: {fileID: 0}
  m_GameObject: {fileID: 4782542851745207858}
  m_LocalRotation: {x: 0.0016650793, y: 0.03142599, z: -0.036622982, w: 0.99883354}
  m_LocalPosition: {x: -0.1922302, y: 0.000000001788139, z: 0.000000009536743}
  m_LocalScale: {x: 1, y: 1, z: 1}
  m_Children:
  - {fileID: 1606598376099546105}
  m_Father: {fileID: 2887605654957898114}
  m_RootOrder: 0
  m_LocalEulerAnglesHint: {x: 0, y: 0, z: 0}
--- !u!1 &4940790518244757174
GameObject:
  m_ObjectHideFlags: 0
  m_CorrespondingSourceObject: {fileID: 0}
  m_PrefabInstance: {fileID: 0}
  m_PrefabAsset: {fileID: 0}
  serializedVersion: 6
  m_Component:
  - component: {fileID: 5218844295244300253}
  m_Layer: 0
  m_Name: Bip001 HeadNub
  m_TagString: Untagged
  m_Icon: {fileID: 0}
  m_NavMeshLayer: 0
  m_StaticEditorFlags: 0
  m_IsActive: 1
--- !u!4 &5218844295244300253
Transform:
  m_ObjectHideFlags: 0
  m_CorrespondingSourceObject: {fileID: 0}
  m_PrefabInstance: {fileID: 0}
  m_PrefabAsset: {fileID: 0}
  m_GameObject: {fileID: 4940790518244757174}
  m_LocalRotation: {x: -4.1174657e-20, y: -3.3881318e-21, z: -1.39505e-40, w: 1}
  m_LocalPosition: {x: -0.6226015, y: -2.910383e-13, z: -2.602085e-20}
  m_LocalScale: {x: 1, y: 0.9999999, z: 0.9999999}
  m_Children: []
  m_Father: {fileID: 689828462354953488}
  m_RootOrder: 0
  m_LocalEulerAnglesHint: {x: 0, y: 0, z: 0}
--- !u!1 &5121815052118516434
GameObject:
  m_ObjectHideFlags: 0
  m_CorrespondingSourceObject: {fileID: 0}
  m_PrefabInstance: {fileID: 0}
  m_PrefabAsset: {fileID: 0}
  serializedVersion: 6
  m_Component:
  - component: {fileID: 3699223004983227978}
  m_Layer: 0
  m_Name: Bip001 R Clavicle
  m_TagString: Untagged
  m_Icon: {fileID: 0}
  m_NavMeshLayer: 0
  m_StaticEditorFlags: 0
  m_IsActive: 1
--- !u!4 &3699223004983227978
Transform:
  m_ObjectHideFlags: 0
  m_CorrespondingSourceObject: {fileID: 0}
  m_PrefabInstance: {fileID: 0}
  m_PrefabAsset: {fileID: 0}
  m_GameObject: {fileID: 5121815052118516434}
  m_LocalRotation: {x: 0.7071077, y: 0.00028134062, z: 0.70710576, w: -0.0002813414}
  m_LocalPosition: {x: 0.028796539, y: 0.000114487, z: -0.058629796}
  m_LocalScale: {x: 1, y: 1, z: 1}
  m_Children:
  - {fileID: 3013451230177804663}
  m_Father: {fileID: 3854409076433298022}
  m_RootOrder: 2
  m_LocalEulerAnglesHint: {x: 0, y: 0, z: 0}
--- !u!1 &5377232063912264419
GameObject:
  m_ObjectHideFlags: 0
  m_CorrespondingSourceObject: {fileID: 0}
  m_PrefabInstance: {fileID: 0}
  m_PrefabAsset: {fileID: 0}
  serializedVersion: 6
  m_Component:
  - component: {fileID: 2864094869626709045}
  m_Layer: 0
  m_Name: Bip001 Spine1
  m_TagString: Untagged
  m_Icon: {fileID: 0}
  m_NavMeshLayer: 0
  m_StaticEditorFlags: 0
  m_IsActive: 1
--- !u!4 &2864094869626709045
Transform:
  m_ObjectHideFlags: 0
  m_CorrespondingSourceObject: {fileID: 0}
  m_PrefabInstance: {fileID: 0}
  m_PrefabAsset: {fileID: 0}
  m_GameObject: {fileID: 5377232063912264419}
  m_LocalRotation: {x: -3.0117673e-14, y: 0, z: -0, w: 1}
  m_LocalPosition: {x: -0.23714839, y: -0.00014590159, z: -4.046726e-10}
  m_LocalScale: {x: 1, y: 1, z: 1}
  m_Children:
  - {fileID: 3854409076433298022}
  m_Father: {fileID: 3073524802673347958}
  m_RootOrder: 2
  m_LocalEulerAnglesHint: {x: 0, y: 0, z: 0}
--- !u!1 &5610319359899855618
GameObject:
  m_ObjectHideFlags: 0
  m_CorrespondingSourceObject: {fileID: 0}
  m_PrefabInstance: {fileID: 0}
  m_PrefabAsset: {fileID: 0}
  serializedVersion: 6
  m_Component:
  - component: {fileID: 1606598376099546105}
  m_Layer: 0
  m_Name: Bip001 R Toe0
  m_TagString: Untagged
  m_Icon: {fileID: 0}
  m_NavMeshLayer: 0
  m_StaticEditorFlags: 0
  m_IsActive: 1
--- !u!4 &1606598376099546105
Transform:
  m_ObjectHideFlags: 0
  m_CorrespondingSourceObject: {fileID: 0}
  m_PrefabInstance: {fileID: 0}
  m_PrefabAsset: {fileID: 0}
  m_GameObject: {fileID: 5610319359899855618}
  m_LocalRotation: {x: -0.000000015454312, y: 0.000000015454312, z: -0.7071068, w: 0.7071068}
  m_LocalPosition: {x: -0.12151709, y: 0.1175453, z: 0}
  m_LocalScale: {x: 0.9999999, y: 1, z: 0.9999999}
  m_Children:
  - {fileID: 5876046324708915979}
  m_Father: {fileID: 4725657204347068101}
  m_RootOrder: 0
  m_LocalEulerAnglesHint: {x: 0, y: 0, z: 0}
--- !u!1 &5743088277908551982
GameObject:
  m_ObjectHideFlags: 0
  m_CorrespondingSourceObject: {fileID: 0}
  m_PrefabInstance: {fileID: 0}
  m_PrefabAsset: {fileID: 0}
  serializedVersion: 6
  m_Component:
  - component: {fileID: 5876046324708915979}
  m_Layer: 0
  m_Name: Bip001 R Toe0Nub
  m_TagString: Untagged
  m_Icon: {fileID: 0}
  m_NavMeshLayer: 0
  m_StaticEditorFlags: 0
  m_IsActive: 1
--- !u!4 &5876046324708915979
Transform:
  m_ObjectHideFlags: 0
  m_CorrespondingSourceObject: {fileID: 0}
  m_PrefabInstance: {fileID: 0}
  m_PrefabAsset: {fileID: 0}
  m_GameObject: {fileID: 5743088277908551982}
  m_LocalRotation: {x: 1.6970279e-30, y: -9.553418e-16, z: 1.7763568e-15, w: 1}
  m_LocalPosition: {x: -0.01997058, y: 0, z: 0}
  m_LocalScale: {x: 0.9999999, y: 1, z: 0.9999999}
  m_Children: []
  m_Father: {fileID: 1606598376099546105}
  m_RootOrder: 0
  m_LocalEulerAnglesHint: {x: 0, y: 0, z: 0}
--- !u!1 &5868679204543175968
GameObject:
  m_ObjectHideFlags: 0
  m_CorrespondingSourceObject: {fileID: 0}
  m_PrefabInstance: {fileID: 0}
  m_PrefabAsset: {fileID: 0}
  serializedVersion: 6
  m_Component:
  - component: {fileID: 6722594193569319544}
  m_Layer: 0
  m_Name: Bip001 L Calf
  m_TagString: Untagged
  m_Icon: {fileID: 0}
  m_NavMeshLayer: 0
  m_StaticEditorFlags: 0
  m_IsActive: 1
--- !u!4 &6722594193569319544
Transform:
  m_ObjectHideFlags: 0
  m_CorrespondingSourceObject: {fileID: 0}
  m_PrefabInstance: {fileID: 0}
  m_PrefabAsset: {fileID: 0}
  m_GameObject: {fileID: 5868679204543175968}
  m_LocalRotation: {x: -4.6427973e-10, y: -3.5844588e-11, z: 0.07697566, w: 0.997033}
  m_LocalPosition: {x: -0.2667302, y: 0, z: 0}
  m_LocalScale: {x: 0.9999999, y: 0.9999999, z: 1}
  m_Children:
  - {fileID: 1653538301084218971}
  m_Father: {fileID: 7205439215824531872}
  m_RootOrder: 0
  m_LocalEulerAnglesHint: {x: 0, y: 0, z: 0}
--- !u!1 &6229641908152508023
GameObject:
  m_ObjectHideFlags: 0
  m_CorrespondingSourceObject: {fileID: 0}
  m_PrefabInstance: {fileID: 0}
  m_PrefabAsset: {fileID: 0}
  serializedVersion: 6
  m_Component:
  - component: {fileID: 7160370655979588973}
  m_Layer: 0
  m_Name: Bip001 L Forearm
  m_TagString: Untagged
  m_Icon: {fileID: 0}
  m_NavMeshLayer: 0
  m_StaticEditorFlags: 0
  m_IsActive: 1
--- !u!4 &7160370655979588973
Transform:
  m_ObjectHideFlags: 0
  m_CorrespondingSourceObject: {fileID: 0}
  m_PrefabInstance: {fileID: 0}
  m_PrefabAsset: {fileID: 0}
  m_GameObject: {fileID: 6229641908152508023}
  m_LocalRotation: {x: 9.815941e-10, y: 0.000000014985007, z: 0.058909256, w: 0.99826336}
  m_LocalPosition: {x: -0.2194627, y: -0.0000000035762788, z: 0.00000007629395}
  m_LocalScale: {x: 1, y: 0.9999999, z: 1}
  m_Children:
  - {fileID: 8196127116582804443}
  m_Father: {fileID: 6837764162221740956}
  m_RootOrder: 0
  m_LocalEulerAnglesHint: {x: 0, y: 0, z: 0}
--- !u!1 &6721830441995063755
GameObject:
  m_ObjectHideFlags: 0
  m_CorrespondingSourceObject: {fileID: 0}
  m_PrefabInstance: {fileID: 0}
  m_PrefabAsset: {fileID: 0}
  serializedVersion: 6
  m_Component:
  - component: {fileID: 5053601921950873420}
  m_Layer: 0
  m_Name: Bip001 L Clavicle
  m_TagString: Untagged
  m_Icon: {fileID: 0}
  m_NavMeshLayer: 0
  m_StaticEditorFlags: 0
  m_IsActive: 1
--- !u!4 &5053601921950873420
Transform:
  m_ObjectHideFlags: 0
  m_CorrespondingSourceObject: {fileID: 0}
  m_PrefabInstance: {fileID: 0}
  m_PrefabAsset: {fileID: 0}
  m_GameObject: {fileID: 6721830441995063755}
  m_LocalRotation: {x: 0.7071077, y: 0.00028134062, z: -0.70710576, w: 0.0002813414}
  m_LocalPosition: {x: 0.028796539, y: 0.0001141618, z: 0.058629796}
  m_LocalScale: {x: 1, y: 1, z: 1}
  m_Children:
  - {fileID: 6837764162221740956}
  m_Father: {fileID: 3854409076433298022}
  m_RootOrder: 1
  m_LocalEulerAnglesHint: {x: 0, y: 0, z: 0}
--- !u!1 &7368896981545833214
GameObject:
  m_ObjectHideFlags: 0
  m_CorrespondingSourceObject: {fileID: 0}
  m_PrefabInstance: {fileID: 0}
  m_PrefabAsset: {fileID: 0}
  serializedVersion: 6
  m_Component:
  - component: {fileID: 151006379030186903}
  m_Layer: 0
  m_Name: FacePosition
  m_TagString: Untagged
  m_Icon: {fileID: 7250588514170254948, guid: 0000000000000000d000000000000000, type: 0}
  m_NavMeshLayer: 0
  m_StaticEditorFlags: 0
  m_IsActive: 1
--- !u!4 &151006379030186903
Transform:
  m_ObjectHideFlags: 0
  m_CorrespondingSourceObject: {fileID: 0}
  m_PrefabInstance: {fileID: 0}
  m_PrefabAsset: {fileID: 0}
  m_GameObject: {fileID: 7368896981545833214}
  m_LocalRotation: {x: -0, y: -0, z: -0, w: 1}
  m_LocalPosition: {x: 0, y: 1.497, z: 0}
  m_LocalScale: {x: 1, y: 1, z: 1}
  m_Children: []
  m_Father: {fileID: 2429475468065919502}
  m_RootOrder: 2
  m_LocalEulerAnglesHint: {x: 0, y: 0, z: 0}
--- !u!1 &8180060544109070457
GameObject:
  m_ObjectHideFlags: 0
  m_CorrespondingSourceObject: {fileID: 0}
  m_PrefabInstance: {fileID: 0}
  m_PrefabAsset: {fileID: 0}
  serializedVersion: 6
  m_Component:
  - component: {fileID: 7837180810215111756}
  m_Layer: 0
  m_Name: Bip001 L Toe0
  m_TagString: Untagged
  m_Icon: {fileID: 0}
  m_NavMeshLayer: 0
  m_StaticEditorFlags: 0
  m_IsActive: 1
--- !u!4 &7837180810215111756
Transform:
  m_ObjectHideFlags: 0
  m_CorrespondingSourceObject: {fileID: 0}
  m_PrefabInstance: {fileID: 0}
  m_PrefabAsset: {fileID: 0}
  m_GameObject: {fileID: 8180060544109070457}
  m_LocalRotation: {x: 0.000000015454312, y: -0.000000015454312, z: -0.7071068, w: 0.7071068}
  m_LocalPosition: {x: -0.12151709, y: 0.1175453, z: 0}
  m_LocalScale: {x: 0.9999999, y: 1, z: 0.9999999}
  m_Children:
  - {fileID: 8450667617076954665}
  m_Father: {fileID: 1653538301084218971}
  m_RootOrder: 0
  m_LocalEulerAnglesHint: {x: 0, y: 0, z: 0}
--- !u!1 &8303389095837729732
GameObject:
  m_ObjectHideFlags: 0
  m_CorrespondingSourceObject: {fileID: 0}
  m_PrefabInstance: {fileID: 0}
  m_PrefabAsset: {fileID: 0}
  serializedVersion: 6
  m_Component:
  - component: {fileID: 7205439215824531872}
  m_Layer: 0
  m_Name: Bip001 L Thigh
  m_TagString: Untagged
  m_Icon: {fileID: 0}
  m_NavMeshLayer: 0
  m_StaticEditorFlags: 0
  m_IsActive: 1
--- !u!4 &7205439215824531872
Transform:
  m_ObjectHideFlags: 0
  m_CorrespondingSourceObject: {fileID: 0}
  m_PrefabInstance: {fileID: 0}
  m_PrefabAsset: {fileID: 0}
  m_GameObject: {fileID: 8303389095837729732}
  m_LocalRotation: {x: -0.040769193, y: 0.9986729, z: 0.00074777537, w: -0.031461444}
  m_LocalPosition: {x: 0.1531076, y: 0.0003102964, z: 0.1638878}
  m_LocalScale: {x: 1, y: 1, z: 1}
  m_Children:
  - {fileID: 6722594193569319544}
  m_Father: {fileID: 3073524802673347958}
  m_RootOrder: 0
  m_LocalEulerAnglesHint: {x: 0, y: 0, z: 0}
--- !u!1 &8495116770790474126
GameObject:
  m_ObjectHideFlags: 0
  m_CorrespondingSourceObject: {fileID: 0}
  m_PrefabInstance: {fileID: 0}
  m_PrefabAsset: {fileID: 0}
  serializedVersion: 6
  m_Component:
  - component: {fileID: 8450667617076954665}
  m_Layer: 0
  m_Name: Bip001 L Toe0Nub
  m_TagString: Untagged
  m_Icon: {fileID: 0}
  m_NavMeshLayer: 0
  m_StaticEditorFlags: 0
  m_IsActive: 1
--- !u!4 &8450667617076954665
Transform:
  m_ObjectHideFlags: 0
  m_CorrespondingSourceObject: {fileID: 0}
  m_PrefabInstance: {fileID: 0}
  m_PrefabAsset: {fileID: 0}
  m_GameObject: {fileID: 8495116770790474126}
  m_LocalRotation: {x: 9.553443e-16, y: 5.849797e-32, z: 1, w: -6.123234e-17}
  m_LocalPosition: {x: -0.01997058, y: 0, z: 0}
  m_LocalScale: {x: -0.9999999, y: -1, z: -0.9999999}
  m_Children: []
  m_Father: {fileID: 7837180810215111756}
  m_RootOrder: 0
  m_LocalEulerAnglesHint: {x: 0, y: 0, z: 0}
--- !u!1 &8804109361538639789
GameObject:
  m_ObjectHideFlags: 0
  m_CorrespondingSourceObject: {fileID: 0}
  m_PrefabInstance: {fileID: 0}
  m_PrefabAsset: {fileID: 0}
  serializedVersion: 6
  m_Component:
  - component: {fileID: 1653538301084218971}
  m_Layer: 0
  m_Name: Bip001 L Foot
  m_TagString: Untagged
  m_Icon: {fileID: 0}
  m_NavMeshLayer: 0
  m_StaticEditorFlags: 0
  m_IsActive: 1
--- !u!4 &1653538301084218971
Transform:
  m_ObjectHideFlags: 0
  m_CorrespondingSourceObject: {fileID: 0}
  m_PrefabInstance: {fileID: 0}
  m_PrefabAsset: {fileID: 0}
  m_GameObject: {fileID: 8804109361538639789}
  m_LocalRotation: {x: -0.0016650824, y: -0.03142608, z: -0.036622975, w: 0.99883354}
  m_LocalPosition: {x: -0.1922303, y: -0.0000000035762788, z: -0.000000009536743}
  m_LocalScale: {x: 1, y: 1, z: 1}
  m_Children:
  - {fileID: 7837180810215111756}
  m_Father: {fileID: 6722594193569319544}
  m_RootOrder: 0
  m_LocalEulerAnglesHint: {x: 0, y: 0, z: 0}
--- !u!1 &8842174961067588960
GameObject:
  m_ObjectHideFlags: 0
  m_CorrespondingSourceObject: {fileID: 0}
  m_PrefabInstance: {fileID: 0}
  m_PrefabAsset: {fileID: 0}
  serializedVersion: 6
  m_Component:
  - component: {fileID: 2028683927576983086}
  m_Layer: 0
  m_Name: Bip001 R Thigh
  m_TagString: Untagged
  m_Icon: {fileID: 0}
  m_NavMeshLayer: 0
  m_StaticEditorFlags: 0
  m_IsActive: 1
--- !u!4 &2028683927576983086
Transform:
  m_ObjectHideFlags: 0
  m_CorrespondingSourceObject: {fileID: 0}
  m_PrefabInstance: {fileID: 0}
  m_PrefabAsset: {fileID: 0}
  m_GameObject: {fileID: 8842174961067588960}
  m_LocalRotation: {x: -0.040769152, y: 0.9986729, z: -0.0007449863, w: 0.03146133}
  m_LocalPosition: {x: 0.1531076, y: 0.00031120548, z: -0.1638878}
  m_LocalScale: {x: 1, y: 1, z: 1}
  m_Children:
  - {fileID: 2887605654957898114}
  m_Father: {fileID: 3073524802673347958}
  m_RootOrder: 1
  m_LocalEulerAnglesHint: {x: 0, y: 0, z: 0}
--- !u!1 &9206003806071449013
GameObject:
  m_ObjectHideFlags: 0
  m_CorrespondingSourceObject: {fileID: 0}
  m_PrefabInstance: {fileID: 0}
  m_PrefabAsset: {fileID: 0}
  serializedVersion: 6
  m_Component:
  - component: {fileID: 1747735994083580214}
  m_Layer: 0
  m_Name: Bip001 R Hand
  m_TagString: Untagged
  m_Icon: {fileID: 0}
  m_NavMeshLayer: 0
  m_StaticEditorFlags: 0
  m_IsActive: 1
--- !u!4 &1747735994083580214
Transform:
  m_ObjectHideFlags: 0
  m_CorrespondingSourceObject: {fileID: 0}
  m_PrefabInstance: {fileID: 0}
  m_PrefabAsset: {fileID: 0}
  m_GameObject: {fileID: 9206003806071449013}
  m_LocalRotation: {x: 0.7068252, y: -0, z: -0, w: 0.7073883}
  m_LocalPosition: {x: -0.1605991, y: 0, z: 0}
  m_LocalScale: {x: 1, y: 1, z: 1}
  m_Children:
  - {fileID: 7582399772471697679}
  m_Father: {fileID: 5112263737375124952}
  m_RootOrder: 0
  m_LocalEulerAnglesHint: {x: 0, y: 0, z: 0}
--- !u!1 &9217113418127584553
GameObject:
  m_ObjectHideFlags: 0
  m_CorrespondingSourceObject: {fileID: 0}
  m_PrefabInstance: {fileID: 0}
  m_PrefabAsset: {fileID: 0}
  serializedVersion: 6
  m_Component:
  - component: {fileID: 4486635143315919704}
  m_Layer: 0
  m_Name: Bip001 Pelvis
  m_TagString: Untagged
  m_Icon: {fileID: 0}
  m_NavMeshLayer: 0
  m_StaticEditorFlags: 0
  m_IsActive: 1
--- !u!4 &4486635143315919704
Transform:
  m_ObjectHideFlags: 0
  m_CorrespondingSourceObject: {fileID: 0}
  m_PrefabInstance: {fileID: 0}
  m_PrefabAsset: {fileID: 0}
  m_GameObject: {fileID: 9217113418127584553}
  m_LocalRotation: {x: -0.5, y: 0.5, z: 0.49999934, w: 0.50000066}
  m_LocalPosition: {x: -0, y: 0, z: 0}
  m_LocalScale: {x: 1, y: 0.9999999, z: 0.9999999}
  m_Children:
  - {fileID: 3073524802673347958}
  m_Father: {fileID: 3261885358270310200}
  m_RootOrder: 1
  m_LocalEulerAnglesHint: {x: 0, y: 0, z: 0}
