%YAML 1.1
%TAG !u! tag:unity3d.com,2011:
--- !u!1 &145861815916036036
GameObject:
  m_ObjectHideFlags: 0
  m_CorrespondingSourceObject: {fileID: 0}
  m_PrefabInstance: {fileID: 0}
  m_PrefabAsset: {fileID: 0}
  serializedVersion: 6
  m_Component:
  - component: {fileID: 3968274437428728723}
  m_Layer: 0
  m_Name: Bip001 R Calf
  m_TagString: Untagged
  m_Icon: {fileID: 0}
  m_NavMeshLayer: 0
  m_StaticEditorFlags: 0
  m_IsActive: 1
--- !u!4 &3968274437428728723
Transform:
  m_ObjectHideFlags: 0
  m_CorrespondingSourceObject: {fileID: 0}
  m_PrefabInstance: {fileID: 0}
  m_PrefabAsset: {fileID: 0}
  m_GameObject: {fileID: 145861815916036036}
  m_LocalRotation: {x: 1.6407407e-10, y: -0.0000000018554046, z: 0.088086605, w: 0.9961128}
  m_LocalPosition: {x: -0.19204839, y: 0, z: 0}
  m_LocalScale: {x: 1, y: 0.9999999, z: 0.9999999}
  m_Children:
  - {fileID: 6815101447764456660}
  m_Father: {fileID: 227334820514651199}
  m_RootOrder: 0
  m_LocalEulerAnglesHint: {x: 0, y: 0, z: 0}
--- !u!1 &240731944627822426
GameObject:
  m_ObjectHideFlags: 0
  m_CorrespondingSourceObject: {fileID: 0}
  m_PrefabInstance: {fileID: 0}
  m_PrefabAsset: {fileID: 0}
  serializedVersion: 6
  m_Component:
  - component: {fileID: 3622154051755478313}
  m_Layer: 0
  m_Name: Bip001
  m_TagString: Untagged
  m_Icon: {fileID: 0}
  m_NavMeshLayer: 0
  m_StaticEditorFlags: 0
  m_IsActive: 1
--- !u!4 &3622154051755478313
Transform:
  m_ObjectHideFlags: 0
  m_CorrespondingSourceObject: {fileID: 0}
  m_PrefabInstance: {fileID: 0}
  m_PrefabAsset: {fileID: 0}
  m_GameObject: {fileID: 240731944627822426}
  m_LocalRotation: {x: -0.50000036, y: 0.49999967, z: 0.49999967, w: 0.50000036}
  m_LocalPosition: {x: -0, y: 0.44381747, z: 0}
  m_LocalScale: {x: 0.9999999, y: 0.9999999, z: 1}
  m_Children:
  - {fileID: 7259616671330614629}
  - {fileID: 2396839126104963401}
  m_Father: {fileID: 4519302340490508319}
  m_RootOrder: 0
  m_LocalEulerAnglesHint: {x: 0, y: 0, z: 0}
--- !u!1 &329693693976875486
GameObject:
  m_ObjectHideFlags: 0
  m_CorrespondingSourceObject: {fileID: 0}
  m_PrefabInstance: {fileID: 0}
  m_PrefabAsset: {fileID: 0}
  serializedVersion: 6
  m_Component:
  - component: {fileID: 5860248587793990824}
  - component: {fileID: 3509070908845679937}
  m_Layer: 0
  m_Name: Sphere001
  m_TagString: Untagged
  m_Icon: {fileID: 0}
  m_NavMeshLayer: 0
  m_StaticEditorFlags: 0
  m_IsActive: 1
--- !u!4 &5860248587793990824
Transform:
  m_ObjectHideFlags: 0
  m_CorrespondingSourceObject: {fileID: 0}
  m_PrefabInstance: {fileID: 0}
  m_PrefabAsset: {fileID: 0}
  m_GameObject: {fileID: 329693693976875486}
  m_LocalRotation: {x: -0.7071068, y: 0, z: -0, w: 0.7071068}
  m_LocalPosition: {x: -0, y: 0, z: -2.3531975e-20}
  m_LocalScale: {x: 0.969614, y: 0.969614, z: 0.969614}
  m_Children: []
  m_Father: {fileID: 4519302340490508319}
  m_RootOrder: 1
  m_LocalEulerAnglesHint: {x: 0, y: 0, z: 0}
--- !u!137 &3509070908845679937
SkinnedMeshRenderer:
  m_ObjectHideFlags: 0
  m_CorrespondingSourceObject: {fileID: 0}
  m_PrefabInstance: {fileID: 0}
  m_PrefabAsset: {fileID: 0}
  m_GameObject: {fileID: 329693693976875486}
  m_Enabled: 1
  m_CastShadows: 1
  m_ReceiveShadows: 1
  m_DynamicOccludee: 1
  m_MotionVectors: 1
  m_LightProbeUsage: 1
  m_ReflectionProbeUsage: 1
  m_RayTracingMode: 3
  m_RayTraceProcedural: 0
  m_RenderingLayerMask: 1
  m_RendererPriority: 0
  m_Materials:
  - {fileID: 2100000, guid: 538bd68253b8bf441b2fa7f00895af7b, type: 2}
  m_StaticBatchInfo:
    firstSubMesh: 0
    subMeshCount: 0
  m_StaticBatchRoot: {fileID: 0}
  m_ProbeAnchor: {fileID: 0}
  m_LightProbeVolumeOverride: {fileID: 0}
  m_ScaleInLightmap: 1
  m_ReceiveGI: 1
  m_PreserveUVs: 0
  m_IgnoreNormalsForChartDetection: 0
  m_ImportantGI: 0
  m_StitchLightmapSeams: 1
  m_SelectedEditorRenderState: 3
  m_MinimumChartSize: 4
  m_AutoUVMaxDistance: 0.5
  m_AutoUVMaxAngle: 89
  m_LightmapParameters: {fileID: 0}
  m_SortingLayerID: 0
  m_SortingLayer: 0
  m_SortingOrder: 0
  serializedVersion: 2
  m_Quality: 0
  m_UpdateWhenOffscreen: 0
  m_SkinnedMotionVectors: 1
  m_Mesh: {fileID: 973877516759717424, guid: b1cb1fa69ec96474aba92077c8ce3e8a, type: 3}
  m_Bones:
  - {fileID: 1626417171225747201}
  - {fileID: 3061724517585274999}
  - {fileID: 6422962875488509277}
  - {fileID: 4089195360470240804}
  - {fileID: 3866243652505167719}
  - {fileID: 3194940140915334235}
  - {fileID: 3622154051755478313}
  - {fileID: 2396839126104963401}
  - {fileID: 8961685746500249468}
  - {fileID: 4748039613229103501}
  - {fileID: 9006687236002716593}
  - {fileID: 3968274437428728723}
  - {fileID: 227334820514651199}
  - {fileID: 6815101447764456660}
  - {fileID: 669692939730774504}
  - {fileID: 4777054032530432105}
  - {fileID: 716774700105063498}
  - {fileID: 8341705498122147421}
  - {fileID: 8519379975633292062}
  - {fileID: 522916976739971879}
  - {fileID: 6481412485168859081}
  - {fileID: 3949972938767805286}
  - {fileID: 2709807315343914948}
  - {fileID: 7979970243747525066}
  m_BlendShapeWeights: []
  m_RootBone: {fileID: 3622154051755478313}
  m_AABB:
    m_Center: {x: -0.014485806, y: -0.0035036802, z: 0.4905455}
    m_Extent: {x: 0.2969989, y: 0.51001465, z: 0.93436337}
  m_DirtyAABB: 0
--- !u!1 &417251309156422310
GameObject:
  m_ObjectHideFlags: 0
  m_CorrespondingSourceObject: {fileID: 0}
  m_PrefabInstance: {fileID: 0}
  m_PrefabAsset: {fileID: 0}
  serializedVersion: 6
  m_Component:
  - component: {fileID: 7979970243747525066}
  m_Layer: 0
  m_Name: Bip001 L Hand
  m_TagString: Untagged
  m_Icon: {fileID: 0}
  m_NavMeshLayer: 0
  m_StaticEditorFlags: 0
  m_IsActive: 1
--- !u!4 &7979970243747525066
Transform:
  m_ObjectHideFlags: 0
  m_CorrespondingSourceObject: {fileID: 0}
  m_PrefabInstance: {fileID: 0}
  m_PrefabAsset: {fileID: 0}
  m_GameObject: {fileID: 417251309156422310}
  m_LocalRotation: {x: -0.7068252, y: 0.000000010540904, z: 0.000000010532514, w: 0.7073883}
  m_LocalPosition: {x: -0.15363869, y: -0.000000002384186, z: 0}
  m_LocalScale: {x: 1, y: 1, z: 1}
  m_Children:
  - {fileID: 2709807315343914948}
  m_Father: {fileID: 8961685746500249468}
  m_RootOrder: 0
  m_LocalEulerAnglesHint: {x: 0, y: 0, z: 0}
--- !u!1 &545790614342243427
GameObject:
  m_ObjectHideFlags: 0
  m_CorrespondingSourceObject: {fileID: 0}
  m_PrefabInstance: {fileID: 0}
  m_PrefabAsset: {fileID: 0}
  serializedVersion: 6
  m_Component:
  - component: {fileID: 6481412485168859081}
  m_Layer: 0
  m_Name: Bip001 R Forearm
  m_TagString: Untagged
  m_Icon: {fileID: 0}
  m_NavMeshLayer: 0
  m_StaticEditorFlags: 0
  m_IsActive: 1
--- !u!4 &6481412485168859081
Transform:
  m_ObjectHideFlags: 0
  m_CorrespondingSourceObject: {fileID: 0}
  m_PrefabInstance: {fileID: 0}
  m_PrefabAsset: {fileID: 0}
  m_GameObject: {fileID: 545790614342243427}
  m_LocalRotation: {x: -0.000000003931028, y: -0.000000015421302, z: 0.10896047, w: 0.9940461}
  m_LocalPosition: {x: -0.17924508, y: -0.000000004768372, z: 0}
  m_LocalScale: {x: 1, y: 1, z: 1}
  m_Children:
  - {fileID: 522916976739971879}
  m_Father: {fileID: 3949972938767805286}
  m_RootOrder: 0
  m_LocalEulerAnglesHint: {x: 0, y: 0, z: 0}
--- !u!1 &655933660544196279
GameObject:
  m_ObjectHideFlags: 0
  m_CorrespondingSourceObject: {fileID: 0}
  m_PrefabInstance: {fileID: 0}
  m_PrefabAsset: {fileID: 0}
  serializedVersion: 6
  m_Component:
  - component: {fileID: 4627875097295555236}
  m_Layer: 0
  m_Name: Bip001 R Finger0Nub
  m_TagString: Untagged
  m_Icon: {fileID: 0}
  m_NavMeshLayer: 0
  m_StaticEditorFlags: 0
  m_IsActive: 1
--- !u!4 &4627875097295555236
Transform:
  m_ObjectHideFlags: 0
  m_CorrespondingSourceObject: {fileID: 0}
  m_PrefabInstance: {fileID: 0}
  m_PrefabAsset: {fileID: 0}
  m_GameObject: {fileID: 655933660544196279}
  m_LocalRotation: {x: 0, y: 0, z: 1, w: -6.123234e-17}
  m_LocalPosition: {x: -0.02667337, y: 0, z: 0}
  m_LocalScale: {x: -1, y: -1, z: -0.9999999}
  m_Children: []
  m_Father: {fileID: 8519379975633292062}
  m_RootOrder: 0
  m_LocalEulerAnglesHint: {x: 0, y: 0, z: 0}
--- !u!1 &788193895971739161
GameObject:
  m_ObjectHideFlags: 0
  m_CorrespondingSourceObject: {fileID: 0}
  m_PrefabInstance: {fileID: 0}
  m_PrefabAsset: {fileID: 0}
  serializedVersion: 6
  m_Component:
  - component: {fileID: 3866243652505167719}
  m_Layer: 0
  m_Name: Bip001 Spine
  m_TagString: Untagged
  m_Icon: {fileID: 0}
  m_NavMeshLayer: 0
  m_StaticEditorFlags: 0
  m_IsActive: 1
--- !u!4 &3866243652505167719
Transform:
  m_ObjectHideFlags: 0
  m_CorrespondingSourceObject: {fileID: 0}
  m_PrefabInstance: {fileID: 0}
  m_PrefabAsset: {fileID: 0}
  m_GameObject: {fileID: 788193895971739161}
  m_LocalRotation: {x: -0.0000020804757, y: 0.00000069367604, z: -0.000398159, w: 0.99999994}
  m_LocalPosition: {x: -0.09815803, y: -0.0001590163, z: 0.00000013634609}
  m_LocalScale: {x: 1, y: 0.9999999, z: 0.9999999}
  m_Children:
  - {fileID: 9006687236002716593}
  - {fileID: 227334820514651199}
  - {fileID: 4089195360470240804}
  m_Father: {fileID: 2396839126104963401}
  m_RootOrder: 0
  m_LocalEulerAnglesHint: {x: 0, y: 0, z: 0}
--- !u!1 &994764927712206355
GameObject:
  m_ObjectHideFlags: 0
  m_CorrespondingSourceObject: {fileID: 0}
  m_PrefabInstance: {fileID: 0}
  m_PrefabAsset: {fileID: 0}
  serializedVersion: 6
  m_Component:
  - component: {fileID: 7252672616199577655}
  m_Layer: 0
  m_Name: Bip001 L ForeTwist
  m_TagString: Untagged
  m_Icon: {fileID: 0}
  m_NavMeshLayer: 0
  m_StaticEditorFlags: 0
  m_IsActive: 1
--- !u!4 &7252672616199577655
Transform:
  m_ObjectHideFlags: 0
  m_CorrespondingSourceObject: {fileID: 0}
  m_PrefabInstance: {fileID: 0}
  m_PrefabAsset: {fileID: 0}
  m_GameObject: {fileID: 994764927712206355}
  m_LocalRotation: {x: 0.00019788119, y: 0.00002169037, z: 0.10896047, w: 0.9940461}
  m_LocalPosition: {x: -0.1792452, y: -0.000000004768372, z: -0.00000007629395}
  m_LocalScale: {x: 0.9999999, y: 1, z: 1}
  m_Children: []
  m_Father: {fileID: 4748039613229103501}
  m_RootOrder: 1
  m_LocalEulerAnglesHint: {x: 0, y: 0, z: 0}
--- !u!1 &1317233515864360882
GameObject:
  m_ObjectHideFlags: 0
  m_CorrespondingSourceObject: {fileID: 0}
  m_PrefabInstance: {fileID: 0}
  m_PrefabAsset: {fileID: 0}
  serializedVersion: 6
  m_Component:
  - component: {fileID: 8519379975633292062}
  m_Layer: 0
  m_Name: Bip001 R Finger0
  m_TagString: Untagged
  m_Icon: {fileID: 0}
  m_NavMeshLayer: 0
  m_StaticEditorFlags: 0
  m_IsActive: 1
--- !u!4 &8519379975633292062
Transform:
  m_ObjectHideFlags: 0
  m_CorrespondingSourceObject: {fileID: 0}
  m_PrefabInstance: {fileID: 0}
  m_PrefabAsset: {fileID: 0}
  m_GameObject: {fileID: 1317233515864360882}
  m_LocalRotation: {x: 0.00039815909, y: -0, z: -0, w: 0.99999994}
  m_LocalPosition: {x: -0.106693596, y: 0, z: -0.000000002384186}
  m_LocalScale: {x: 1, y: 0.9999999, z: 1}
  m_Children:
  - {fileID: 4627875097295555236}
  m_Father: {fileID: 522916976739971879}
  m_RootOrder: 0
  m_LocalEulerAnglesHint: {x: 0, y: 0, z: 0}
--- !u!1 &1347422688705664820
GameObject:
  m_ObjectHideFlags: 0
  m_CorrespondingSourceObject: {fileID: 0}
  m_PrefabInstance: {fileID: 0}
  m_PrefabAsset: {fileID: 0}
  serializedVersion: 6
  m_Component:
  - component: {fileID: 6216851560194264065}
  m_Layer: 0
  m_Name: Bip001 L Finger0Nub
  m_TagString: Untagged
  m_Icon: {fileID: 0}
  m_NavMeshLayer: 0
  m_StaticEditorFlags: 0
  m_IsActive: 1
--- !u!4 &6216851560194264065
Transform:
  m_ObjectHideFlags: 0
  m_CorrespondingSourceObject: {fileID: 0}
  m_PrefabInstance: {fileID: 0}
  m_PrefabAsset: {fileID: 0}
  m_GameObject: {fileID: 1347422688705664820}
  m_LocalRotation: {x: 0, y: -0, z: -0, w: 1}
  m_LocalPosition: {x: -0.02667337, y: 0, z: 0}
  m_LocalScale: {x: 1, y: 0.9999999, z: 1}
  m_Children: []
  m_Father: {fileID: 2709807315343914948}
  m_RootOrder: 0
  m_LocalEulerAnglesHint: {x: 0, y: 0, z: 0}
--- !u!1 &1356109200438561705
GameObject:
  m_ObjectHideFlags: 0
  m_CorrespondingSourceObject: {fileID: 0}
  m_PrefabInstance: {fileID: 0}
  m_PrefabAsset: {fileID: 0}
  serializedVersion: 6
  m_Component:
  - component: {fileID: 3949972938767805286}
  m_Layer: 0
  m_Name: Bip001 R UpperArm
  m_TagString: Untagged
  m_Icon: {fileID: 0}
  m_NavMeshLayer: 0
  m_StaticEditorFlags: 0
  m_IsActive: 1
--- !u!4 &3949972938767805286
Transform:
  m_ObjectHideFlags: 0
  m_CorrespondingSourceObject: {fileID: 0}
  m_PrefabInstance: {fileID: 0}
  m_PrefabAsset: {fileID: 0}
  m_GameObject: {fileID: 1356109200438561705}
  m_LocalRotation: {x: -0.027656225, y: 0.447232, z: -0.042003, w: 0.89300305}
  m_LocalPosition: {x: -0.1109612, y: 4.547474e-15, z: 0}
  m_LocalScale: {x: 1, y: 1, z: 1}
  m_Children:
  - {fileID: 6481412485168859081}
  - {fileID: 9126242915816590099}
  m_Father: {fileID: 3194940140915334235}
  m_RootOrder: 0
  m_LocalEulerAnglesHint: {x: 0, y: 0, z: 0}
--- !u!1 &1376648060116244966
GameObject:
  m_ObjectHideFlags: 0
  m_CorrespondingSourceObject: {fileID: 0}
  m_PrefabInstance: {fileID: 0}
  m_PrefabAsset: {fileID: 0}
  serializedVersion: 6
  m_Component:
  - component: {fileID: 3061724517585274999}
  m_Layer: 0
  m_Name: Bip001 Neck
  m_TagString: Untagged
  m_Icon: {fileID: 0}
  m_NavMeshLayer: 0
  m_StaticEditorFlags: 0
  m_IsActive: 1
--- !u!4 &3061724517585274999
Transform:
  m_ObjectHideFlags: 0
  m_CorrespondingSourceObject: {fileID: 0}
  m_PrefabInstance: {fileID: 0}
  m_PrefabAsset: {fileID: 0}
  m_GameObject: {fileID: 1376648060116244966}
  m_LocalRotation: {x: -3.0117673e-14, y: 0, z: -0, w: 1}
  m_LocalPosition: {x: -0.19642599, y: -0.000065246364, z: -1.8096839e-10}
  m_LocalScale: {x: 1, y: 1, z: 1}
  m_Children:
  - {fileID: 1626417171225747201}
  - {fileID: 6422962875488509277}
  - {fileID: 3194940140915334235}
  m_Father: {fileID: 4089195360470240804}
  m_RootOrder: 0
  m_LocalEulerAnglesHint: {x: 0, y: 0, z: 0}
--- !u!1 &1560688527915746250
GameObject:
  m_ObjectHideFlags: 0
  m_CorrespondingSourceObject: {fileID: 0}
  m_PrefabInstance: {fileID: 0}
  m_PrefabAsset: {fileID: 0}
  serializedVersion: 6
  m_Component:
  - component: {fileID: 7259616671330614629}
  m_Layer: 0
  m_Name: Bip001 Footsteps
  m_TagString: Untagged
  m_Icon: {fileID: 0}
  m_NavMeshLayer: 0
  m_StaticEditorFlags: 0
  m_IsActive: 1
--- !u!4 &7259616671330614629
Transform:
  m_ObjectHideFlags: 0
  m_CorrespondingSourceObject: {fileID: 0}
  m_PrefabInstance: {fileID: 0}
  m_PrefabAsset: {fileID: 0}
  m_GameObject: {fileID: 1560688527915746250}
  m_LocalRotation: {x: 0, y: -0, z: -0.7071063, w: 0.70710725}
  m_LocalPosition: {x: -0, y: 0, z: -0.4421181}
  m_LocalScale: {x: 1, y: 1, z: 1}
  m_Children: []
  m_Father: {fileID: 3622154051755478313}
  m_RootOrder: 0
  m_LocalEulerAnglesHint: {x: 0, y: 0, z: 0}
--- !u!1 &1913008294023630988
GameObject:
  m_ObjectHideFlags: 0
  m_CorrespondingSourceObject: {fileID: 0}
  m_PrefabInstance: {fileID: 0}
  m_PrefabAsset: {fileID: 0}
  serializedVersion: 6
  m_Component:
  - component: {fileID: 4748039613229103501}
  m_Layer: 0
  m_Name: Bip001 L UpperArm
  m_TagString: Untagged
  m_Icon: {fileID: 0}
  m_NavMeshLayer: 0
  m_StaticEditorFlags: 0
  m_IsActive: 1
--- !u!4 &4748039613229103501
Transform:
  m_ObjectHideFlags: 0
  m_CorrespondingSourceObject: {fileID: 0}
  m_PrefabInstance: {fileID: 0}
  m_PrefabAsset: {fileID: 0}
  m_GameObject: {fileID: 1913008294023630988}
  m_LocalRotation: {x: 0.027656225, y: -0.447232, z: -0.042003, w: 0.89300305}
  m_LocalPosition: {x: -0.1109612, y: -4.547474e-15, z: 0}
  m_LocalScale: {x: 1, y: 1, z: 1}
  m_Children:
  - {fileID: 8961685746500249468}
  - {fileID: 7252672616199577655}
  m_Father: {fileID: 6422962875488509277}
  m_RootOrder: 0
  m_LocalEulerAnglesHint: {x: 0, y: 0, z: 0}
--- !u!1 &2707978854877735699
GameObject:
  m_ObjectHideFlags: 0
  m_CorrespondingSourceObject: {fileID: 0}
  m_PrefabInstance: {fileID: 0}
  m_PrefabAsset: {fileID: 0}
  serializedVersion: 6
  m_Component:
  - component: {fileID: 1626417171225747201}
  m_Layer: 0
  m_Name: Bip001 Head
  m_TagString: Untagged
  m_Icon: {fileID: 0}
  m_NavMeshLayer: 0
  m_StaticEditorFlags: 0
  m_IsActive: 1
--- !u!4 &1626417171225747201
Transform:
  m_ObjectHideFlags: 0
  m_CorrespondingSourceObject: {fileID: 0}
  m_PrefabInstance: {fileID: 0}
  m_PrefabAsset: {fileID: 0}
  m_GameObject: {fileID: 2707978854877735699}
  m_LocalRotation: {x: -7.265591e-14, y: -0.0000000011042735, z: 0.0003988306, w: 0.99999994}
  m_LocalPosition: {x: -0.08194069, y: 0, z: 0}
  m_LocalScale: {x: 1, y: 1, z: 1}
  m_Children:
  - {fileID: 6299970335936828876}
  m_Father: {fileID: 3061724517585274999}
  m_RootOrder: 0
  m_LocalEulerAnglesHint: {x: 0, y: 0, z: 0}
--- !u!1 &3404149550189743545
GameObject:
  m_ObjectHideFlags: 0
  m_CorrespondingSourceObject: {fileID: 0}
  m_PrefabInstance: {fileID: 0}
  m_PrefabAsset: {fileID: 0}
  serializedVersion: 6
  m_Component:
  - component: {fileID: 2709807315343914948}
  m_Layer: 0
  m_Name: Bip001 L Finger0
  m_TagString: Untagged
  m_Icon: {fileID: 0}
  m_NavMeshLayer: 0
  m_StaticEditorFlags: 0
  m_IsActive: 1
--- !u!4 &2709807315343914948
Transform:
  m_ObjectHideFlags: 0
  m_CorrespondingSourceObject: {fileID: 0}
  m_PrefabInstance: {fileID: 0}
  m_PrefabAsset: {fileID: 0}
  m_GameObject: {fileID: 3404149550189743545}
  m_LocalRotation: {x: -0.00039815722, y: -0.000000003731223, z: 0.000000014899674, w: 0.99999994}
  m_LocalPosition: {x: -0.106693596, y: 0, z: 0}
  m_LocalScale: {x: 1, y: 1, z: 1}
  m_Children:
  - {fileID: 6216851560194264065}
  m_Father: {fileID: 7979970243747525066}
  m_RootOrder: 0
  m_LocalEulerAnglesHint: {x: 0, y: 0, z: 0}
--- !u!1 &3890011822014030501
GameObject:
  m_ObjectHideFlags: 0
  m_CorrespondingSourceObject: {fileID: 0}
  m_PrefabInstance: {fileID: 0}
  m_PrefabAsset: {fileID: 0}
  serializedVersion: 6
  m_Component:
  - component: {fileID: 4519302340490508319}
  m_Layer: 0
  m_Name: TypeA_ver1
  m_TagString: Untagged
  m_Icon: {fileID: 0}
  m_NavMeshLayer: 0
  m_StaticEditorFlags: 0
  m_IsActive: 1
--- !u!4 &4519302340490508319
Transform:
  m_ObjectHideFlags: 0
  m_CorrespondingSourceObject: {fileID: 0}
  m_PrefabInstance: {fileID: 0}
  m_PrefabAsset: {fileID: 0}
  m_GameObject: {fileID: 3890011822014030501}
  m_LocalRotation: {x: 0, y: 0, z: 0, w: 1}
  m_LocalPosition: {x: 5.87, y: 0, z: 0}
  m_LocalScale: {x: 1, y: 1, z: 1}
  m_Children:
  - {fileID: 3622154051755478313}
  - {fileID: 5860248587793990824}
  m_Father: {fileID: 0}
  m_RootOrder: 0
  m_LocalEulerAnglesHint: {x: 0, y: 0, z: 0}
--- !u!1 &4776155040993426394
GameObject:
  m_ObjectHideFlags: 0
  m_CorrespondingSourceObject: {fileID: 0}
  m_PrefabInstance: {fileID: 0}
  m_PrefabAsset: {fileID: 0}
  serializedVersion: 6
  m_Component:
  - component: {fileID: 6422962875488509277}
  m_Layer: 0
  m_Name: Bip001 L Clavicle
  m_TagString: Untagged
  m_Icon: {fileID: 0}
  m_NavMeshLayer: 0
  m_StaticEditorFlags: 0
  m_IsActive: 1
--- !u!4 &6422962875488509277
Transform:
  m_ObjectHideFlags: 0
  m_CorrespondingSourceObject: {fileID: 0}
  m_PrefabInstance: {fileID: 0}
  m_PrefabAsset: {fileID: 0}
  m_GameObject: {fileID: 4776155040993426394}
  m_LocalRotation: {x: 0.7071077, y: 0.00028134062, z: -0.70710576, w: 0.0002813414}
  m_LocalPosition: {x: 0.0206636, y: 0.00006513372, z: 0.04062889}
  m_LocalScale: {x: 1, y: 1, z: 1}
  m_Children:
  - {fileID: 4748039613229103501}
  m_Father: {fileID: 3061724517585274999}
  m_RootOrder: 1
  m_LocalEulerAnglesHint: {x: 0, y: 0, z: 0}
--- !u!1 &5293085083908863078
GameObject:
  m_ObjectHideFlags: 0
  m_CorrespondingSourceObject: {fileID: 0}
  m_PrefabInstance: {fileID: 0}
  m_PrefabAsset: {fileID: 0}
  serializedVersion: 6
  m_Component:
  - component: {fileID: 8961685746500249468}
  m_Layer: 0
  m_Name: Bip001 L Forearm
  m_TagString: Untagged
  m_Icon: {fileID: 0}
  m_NavMeshLayer: 0
  m_StaticEditorFlags: 0
  m_IsActive: 1
--- !u!4 &8961685746500249468
Transform:
  m_ObjectHideFlags: 0
  m_CorrespondingSourceObject: {fileID: 0}
  m_PrefabInstance: {fileID: 0}
  m_PrefabAsset: {fileID: 0}
  m_GameObject: {fileID: 5293085083908863078}
  m_LocalRotation: {x: -0.000000001851555, y: -2.0295468e-10, z: 0.10896047, w: 0.9940461}
  m_LocalPosition: {x: -0.1792452, y: -0.000000004768372, z: -0.00000007629395}
  m_LocalScale: {x: 0.9999999, y: 1, z: 1}
  m_Children:
  - {fileID: 7979970243747525066}
  m_Father: {fileID: 4748039613229103501}
  m_RootOrder: 0
  m_LocalEulerAnglesHint: {x: 0, y: 0, z: 0}
--- !u!1 &5652385029659817777
GameObject:
  m_ObjectHideFlags: 0
  m_CorrespondingSourceObject: {fileID: 0}
  m_PrefabInstance: {fileID: 0}
  m_PrefabAsset: {fileID: 0}
  serializedVersion: 6
  m_Component:
  - component: {fileID: 4777054032530432105}
  m_Layer: 0
  m_Name: Bip001 L Calf
  m_TagString: Untagged
  m_Icon: {fileID: 0}
  m_NavMeshLayer: 0
  m_StaticEditorFlags: 0
  m_IsActive: 1
--- !u!4 &4777054032530432105
Transform:
  m_ObjectHideFlags: 0
  m_CorrespondingSourceObject: {fileID: 0}
  m_PrefabInstance: {fileID: 0}
  m_PrefabAsset: {fileID: 0}
  m_GameObject: {fileID: 5652385029659817777}
  m_LocalRotation: {x: -3.2814806e-10, y: 0.0000000037108083, z: 0.088086605, w: 0.9961128}
  m_LocalPosition: {x: -0.19204839, y: 0, z: 0}
  m_LocalScale: {x: 1, y: 0.9999999, z: 1}
  m_Children:
  - {fileID: 716774700105063498}
  m_Father: {fileID: 9006687236002716593}
  m_RootOrder: 0
  m_LocalEulerAnglesHint: {x: 0, y: 0, z: 0}
--- !u!1 &5762673307376132259
GameObject:
  m_ObjectHideFlags: 0
  m_CorrespondingSourceObject: {fileID: 0}
  m_PrefabInstance: {fileID: 0}
  m_PrefabAsset: {fileID: 0}
  serializedVersion: 6
  m_Component:
  - component: {fileID: 9126242915816590099}
  m_Layer: 0
  m_Name: Bip001 R ForeTwist
  m_TagString: Untagged
  m_Icon: {fileID: 0}
  m_NavMeshLayer: 0
  m_StaticEditorFlags: 0
  m_IsActive: 1
--- !u!4 &9126242915816590099
Transform:
  m_ObjectHideFlags: 0
  m_CorrespondingSourceObject: {fileID: 0}
  m_PrefabInstance: {fileID: 0}
  m_PrefabAsset: {fileID: 0}
  m_GameObject: {fileID: 5762673307376132259}
  m_LocalRotation: {x: -0.00019787774, y: -0.000021704984, z: 0.10896047, w: 0.9940461}
  m_LocalPosition: {x: -0.17924508, y: -0.000000004768372, z: 0}
  m_LocalScale: {x: 1, y: 1, z: 0.9999999}
  m_Children: []
  m_Father: {fileID: 3949972938767805286}
  m_RootOrder: 1
  m_LocalEulerAnglesHint: {x: 0, y: 0, z: 0}
--- !u!1 &5815130926214910783
GameObject:
  m_ObjectHideFlags: 0
  m_CorrespondingSourceObject: {fileID: 0}
  m_PrefabInstance: {fileID: 0}
  m_PrefabAsset: {fileID: 0}
  serializedVersion: 6
  m_Component:
  - component: {fileID: 5659646390047658266}
  m_Layer: 0
  m_Name: Bip001 R Toe0Nub
  m_TagString: Untagged
  m_Icon: {fileID: 0}
  m_NavMeshLayer: 0
  m_StaticEditorFlags: 0
  m_IsActive: 1
--- !u!4 &5659646390047658266
Transform:
  m_ObjectHideFlags: 0
  m_CorrespondingSourceObject: {fileID: 0}
  m_PrefabInstance: {fileID: 0}
  m_PrefabAsset: {fileID: 0}
  m_GameObject: {fileID: 5815130926214910783}
  m_LocalRotation: {x: 1.6970279e-30, y: -9.553418e-16, z: 1.7763568e-15, w: 1}
  m_LocalPosition: {x: -0.01280321, y: 1.490116e-10, z: 0}
  m_LocalScale: {x: 0.9999999, y: 1, z: 0.9999999}
  m_Children: []
  m_Father: {fileID: 669692939730774504}
  m_RootOrder: 0
  m_LocalEulerAnglesHint: {x: 0, y: 0, z: 0}
--- !u!1 &5970410963966132499
GameObject:
  m_ObjectHideFlags: 0
  m_CorrespondingSourceObject: {fileID: 0}
  m_PrefabInstance: {fileID: 0}
  m_PrefabAsset: {fileID: 0}
  serializedVersion: 6
  m_Component:
  - component: {fileID: 669692939730774504}
  m_Layer: 0
  m_Name: Bip001 R Toe0
  m_TagString: Untagged
  m_Icon: {fileID: 0}
  m_NavMeshLayer: 0
  m_StaticEditorFlags: 0
  m_IsActive: 1
--- !u!4 &669692939730774504
Transform:
  m_ObjectHideFlags: 0
  m_CorrespondingSourceObject: {fileID: 0}
  m_PrefabInstance: {fileID: 0}
  m_PrefabAsset: {fileID: 0}
  m_GameObject: {fileID: 5970410963966132499}
  m_LocalRotation: {x: -0.000000015454312, y: 0.000000015454312, z: -0.7071068, w: 0.7071068}
  m_LocalPosition: {x: -0.09815795, y: 0.060636047, z: 0}
  m_LocalScale: {x: 0.9999999, y: 1, z: 0.9999999}
  m_Children:
  - {fileID: 5659646390047658266}
  m_Father: {fileID: 6815101447764456660}
  m_RootOrder: 0
  m_LocalEulerAnglesHint: {x: 0, y: 0, z: 0}
--- !u!1 &6169709983828781298
GameObject:
  m_ObjectHideFlags: 0
  m_CorrespondingSourceObject: {fileID: 0}
  m_PrefabInstance: {fileID: 0}
  m_PrefabAsset: {fileID: 0}
  serializedVersion: 6
  m_Component:
  - component: {fileID: 4089195360470240804}
  m_Layer: 0
  m_Name: Bip001 Spine1
  m_TagString: Untagged
  m_Icon: {fileID: 0}
  m_NavMeshLayer: 0
  m_StaticEditorFlags: 0
  m_IsActive: 1
--- !u!4 &4089195360470240804
Transform:
  m_ObjectHideFlags: 0
  m_CorrespondingSourceObject: {fileID: 0}
  m_PrefabInstance: {fileID: 0}
  m_PrefabAsset: {fileID: 0}
  m_GameObject: {fileID: 6169709983828781298}
  m_LocalRotation: {x: -3.0117673e-14, y: 0, z: -0, w: 1}
  m_LocalPosition: {x: -0.19973008, y: -0.0001399551, z: -3.8817957e-10}
  m_LocalScale: {x: 1, y: 1, z: 1}
  m_Children:
  - {fileID: 3061724517585274999}
  m_Father: {fileID: 3866243652505167719}
  m_RootOrder: 2
  m_LocalEulerAnglesHint: {x: 0, y: 0, z: 0}
--- !u!1 &6346879466884204739
GameObject:
  m_ObjectHideFlags: 0
  m_CorrespondingSourceObject: {fileID: 0}
  m_PrefabInstance: {fileID: 0}
  m_PrefabAsset: {fileID: 0}
  serializedVersion: 6
  m_Component:
  - component: {fileID: 3194940140915334235}
  m_Layer: 0
  m_Name: Bip001 R Clavicle
  m_TagString: Untagged
  m_Icon: {fileID: 0}
  m_NavMeshLayer: 0
  m_StaticEditorFlags: 0
  m_IsActive: 1
--- !u!4 &3194940140915334235
Transform:
  m_ObjectHideFlags: 0
  m_CorrespondingSourceObject: {fileID: 0}
  m_PrefabInstance: {fileID: 0}
  m_PrefabAsset: {fileID: 0}
  m_GameObject: {fileID: 6346879466884204739}
  m_LocalRotation: {x: 0.7071077, y: 0.00028134062, z: 0.70710576, w: -0.0002813414}
  m_LocalPosition: {x: 0.0206636, y: 0.0000653591, z: -0.04062889}
  m_LocalScale: {x: 1, y: 1, z: 1}
  m_Children:
  - {fileID: 3949972938767805286}
  m_Father: {fileID: 3061724517585274999}
  m_RootOrder: 2
  m_LocalEulerAnglesHint: {x: 0, y: 0, z: 0}
--- !u!1 &6598270797092463783
GameObject:
  m_ObjectHideFlags: 0
  m_CorrespondingSourceObject: {fileID: 0}
  m_PrefabInstance: {fileID: 0}
  m_PrefabAsset: {fileID: 0}
  serializedVersion: 6
  m_Component:
  - component: {fileID: 6299970335936828876}
  m_Layer: 0
  m_Name: Bip001 HeadNub
  m_TagString: Untagged
  m_Icon: {fileID: 0}
  m_NavMeshLayer: 0
  m_StaticEditorFlags: 0
  m_IsActive: 1
--- !u!4 &6299970335936828876
Transform:
  m_ObjectHideFlags: 0
  m_CorrespondingSourceObject: {fileID: 0}
  m_PrefabInstance: {fileID: 0}
  m_PrefabAsset: {fileID: 0}
  m_GameObject: {fileID: 6598270797092463783}
  m_LocalRotation: {x: -4.1174657e-20, y: -3.3881318e-21, z: -1.39505e-40, w: 1}
  m_LocalPosition: {x: -0.5816926, y: 0, z: 0}
  m_LocalScale: {x: 1, y: 0.9999999, z: 0.9999999}
  m_Children: []
  m_Father: {fileID: 1626417171225747201}
  m_RootOrder: 0
  m_LocalEulerAnglesHint: {x: 0, y: 0, z: 0}
--- !u!1 &6728364624661724195
GameObject:
  m_ObjectHideFlags: 0
  m_CorrespondingSourceObject: {fileID: 0}
  m_PrefabInstance: {fileID: 0}
  m_PrefabAsset: {fileID: 0}
  serializedVersion: 6
  m_Component:
  - component: {fileID: 6815101447764456660}
  m_Layer: 0
  m_Name: Bip001 R Foot
  m_TagString: Untagged
  m_Icon: {fileID: 0}
  m_NavMeshLayer: 0
  m_StaticEditorFlags: 0
  m_IsActive: 1
--- !u!4 &6815101447764456660
Transform:
  m_ObjectHideFlags: 0
  m_CorrespondingSourceObject: {fileID: 0}
  m_PrefabInstance: {fileID: 0}
  m_PrefabAsset: {fileID: 0}
  m_GameObject: {fileID: 6728364624661724195}
  m_LocalRotation: {x: 0.0005949682, y: 0.018013107, z: -0.06495245, w: 0.9977256}
  m_LocalPosition: {x: -0.15363869, y: -0.000000002384186, z: 0.000000009536743}
  m_LocalScale: {x: 1, y: 0.9999999, z: 0.9999999}
  m_Children:
  - {fileID: 669692939730774504}
  m_Father: {fileID: 3968274437428728723}
  m_RootOrder: 0
  m_LocalEulerAnglesHint: {x: 0, y: 0, z: 0}
--- !u!1 &6972338821427302308
GameObject:
  m_ObjectHideFlags: 0
  m_CorrespondingSourceObject: {fileID: 0}
  m_PrefabInstance: {fileID: 0}
  m_PrefabAsset: {fileID: 0}
  serializedVersion: 6
  m_Component:
  - component: {fileID: 522916976739971879}
  m_Layer: 0
  m_Name: Bip001 R Hand
  m_TagString: Untagged
  m_Icon: {fileID: 0}
  m_NavMeshLayer: 0
  m_StaticEditorFlags: 0
  m_IsActive: 1
--- !u!4 &522916976739971879
Transform:
  m_ObjectHideFlags: 0
  m_CorrespondingSourceObject: {fileID: 0}
  m_PrefabInstance: {fileID: 0}
  m_PrefabAsset: {fileID: 0}
  m_GameObject: {fileID: 6972338821427302308}
  m_LocalRotation: {x: 0.7068252, y: -0.000000013174033, z: 0.000000007897288, w: 0.7073883}
  m_LocalPosition: {x: -0.15363869, y: -0.000000004768372, z: 0}
  m_LocalScale: {x: 1, y: 1, z: 1}
  m_Children:
  - {fileID: 8519379975633292062}
  m_Father: {fileID: 6481412485168859081}
  m_RootOrder: 0
  m_LocalEulerAnglesHint: {x: 0, y: 0, z: 0}
--- !u!1 &6983166890858530616
GameObject:
  m_ObjectHideFlags: 0
  m_CorrespondingSourceObject: {fileID: 0}
  m_PrefabInstance: {fileID: 0}
  m_PrefabAsset: {fileID: 0}
  serializedVersion: 6
  m_Component:
  - component: {fileID: 2396839126104963401}
  m_Layer: 0
  m_Name: Bip001 Pelvis
  m_TagString: Untagged
  m_Icon: {fileID: 0}
  m_NavMeshLayer: 0
  m_StaticEditorFlags: 0
  m_IsActive: 1
--- !u!4 &2396839126104963401
Transform:
  m_ObjectHideFlags: 0
  m_CorrespondingSourceObject: {fileID: 0}
  m_PrefabInstance: {fileID: 0}
  m_PrefabAsset: {fileID: 0}
  m_GameObject: {fileID: 6983166890858530616}
  m_LocalRotation: {x: -0.5, y: 0.5, z: 0.49999934, w: 0.50000066}
  m_LocalPosition: {x: -0, y: 0, z: 0}
  m_LocalScale: {x: 1, y: 0.9999999, z: 0.9999999}
  m_Children:
  - {fileID: 3866243652505167719}
  m_Father: {fileID: 3622154051755478313}
  m_RootOrder: 1
  m_LocalEulerAnglesHint: {x: 0, y: 0, z: 0}
--- !u!1 &7290914695067520444
GameObject:
  m_ObjectHideFlags: 0
  m_CorrespondingSourceObject: {fileID: 0}
  m_PrefabInstance: {fileID: 0}
  m_PrefabAsset: {fileID: 0}
  serializedVersion: 6
  m_Component:
  - component: {fileID: 716774700105063498}
  m_Layer: 0
  m_Name: Bip001 L Foot
  m_TagString: Untagged
  m_Icon: {fileID: 0}
  m_NavMeshLayer: 0
  m_StaticEditorFlags: 0
  m_IsActive: 1
--- !u!4 &716774700105063498
Transform:
  m_ObjectHideFlags: 0
  m_CorrespondingSourceObject: {fileID: 0}
  m_PrefabInstance: {fileID: 0}
  m_PrefabAsset: {fileID: 0}
  m_GameObject: {fileID: 7290914695067520444}
  m_LocalRotation: {x: -0.0005949739, y: -0.018013192, z: -0.064952455, w: 0.9977256}
  m_LocalPosition: {x: -0.15363869, y: 0.000000002384186, z: 0}
  m_LocalScale: {x: 1, y: 0.9999999, z: 0.9999999}
  m_Children:
  - {fileID: 8341705498122147421}
  m_Father: {fileID: 4777054032530432105}
  m_RootOrder: 0
  m_LocalEulerAnglesHint: {x: 0, y: 0, z: 0}
--- !u!1 &7328840793925752689
GameObject:
  m_ObjectHideFlags: 0
  m_CorrespondingSourceObject: {fileID: 0}
  m_PrefabInstance: {fileID: 0}
  m_PrefabAsset: {fileID: 0}
  serializedVersion: 6
  m_Component:
  - component: {fileID: 227334820514651199}
  m_Layer: 0
  m_Name: Bip001 R Thigh
  m_TagString: Untagged
  m_Icon: {fileID: 0}
  m_NavMeshLayer: 0
  m_StaticEditorFlags: 0
  m_IsActive: 1
--- !u!4 &227334820514651199
Transform:
  m_ObjectHideFlags: 0
  m_CorrespondingSourceObject: {fileID: 0}
  m_PrefabInstance: {fileID: 0}
  m_PrefabAsset: {fileID: 0}
  m_GameObject: {fileID: 7328840793925752689}
  m_LocalRotation: {x: -0.023584213, y: 0.9995594, z: -0.0009855027, w: 0.017996319}
  m_LocalPosition: {x: 0.09815788, y: 0.00023752879, z: -0.1183017}
  m_LocalScale: {x: 0.9999999, y: 1, z: 1}
  m_Children:
  - {fileID: 3968274437428728723}
  m_Father: {fileID: 3866243652505167719}
  m_RootOrder: 1
  m_LocalEulerAnglesHint: {x: 0, y: 0, z: 0}
--- !u!1 &7702357307747822495
GameObject:
  m_ObjectHideFlags: 0
  m_CorrespondingSourceObject: {fileID: 0}
  m_PrefabInstance: {fileID: 0}
  m_PrefabAsset: {fileID: 0}
  serializedVersion: 6
  m_Component:
  - component: {fileID: 7657878536343759928}
  m_Layer: 0
  m_Name: Bip001 L Toe0Nub
  m_TagString: Untagged
  m_Icon: {fileID: 0}
  m_NavMeshLayer: 0
  m_StaticEditorFlags: 0
  m_IsActive: 1
--- !u!4 &7657878536343759928
Transform:
  m_ObjectHideFlags: 0
  m_CorrespondingSourceObject: {fileID: 0}
  m_PrefabInstance: {fileID: 0}
  m_PrefabAsset: {fileID: 0}
  m_GameObject: {fileID: 7702357307747822495}
  m_LocalRotation: {x: 9.553443e-16, y: 5.849797e-32, z: 1, w: -6.123234e-17}
  m_LocalPosition: {x: -0.01280321, y: 1.490116e-10, z: 0}
  m_LocalScale: {x: -0.9999999, y: -1, z: -0.9999999}
  m_Children: []
  m_Father: {fileID: 8341705498122147421}
  m_RootOrder: 0
  m_LocalEulerAnglesHint: {x: 0, y: 0, z: 0}
--- !u!1 &7798936012119206357
GameObject:
  m_ObjectHideFlags: 0
  m_CorrespondingSourceObject: {fileID: 0}
  m_PrefabInstance: {fileID: 0}
  m_PrefabAsset: {fileID: 0}
  serializedVersion: 6
  m_Component:
  - component: {fileID: 9006687236002716593}
  m_Layer: 0
  m_Name: Bip001 L Thigh
  m_TagString: Untagged
  m_Icon: {fileID: 0}
  m_NavMeshLayer: 0
  m_StaticEditorFlags: 0
  m_IsActive: 1
--- !u!4 &9006687236002716593
Transform:
  m_ObjectHideFlags: 0
  m_CorrespondingSourceObject: {fileID: 0}
  m_PrefabInstance: {fileID: 0}
  m_PrefabAsset: {fileID: 0}
  m_GameObject: {fileID: 7798936012119206357}
  m_LocalRotation: {x: -0.023584295, y: 0.9995594, z: 0.0009882954, w: -0.017996386}
  m_LocalPosition: {x: 0.09815788, y: 0.00023687251, z: 0.1183017}
  m_LocalScale: {x: 0.9999999, y: 1, z: 1}
  m_Children:
  - {fileID: 4777054032530432105}
  m_Father: {fileID: 3866243652505167719}
  m_RootOrder: 0
  m_LocalEulerAnglesHint: {x: 0, y: 0, z: 0}
--- !u!1 &7963942084959806056
GameObject:
  m_ObjectHideFlags: 0
  m_CorrespondingSourceObject: {fileID: 0}
  m_PrefabInstance: {fileID: 0}
  m_PrefabAsset: {fileID: 0}
  serializedVersion: 6
  m_Component:
  - component: {fileID: 8341705498122147421}
  m_Layer: 0
  m_Name: Bip001 L Toe0
  m_TagString: Untagged
  m_Icon: {fileID: 0}
  m_NavMeshLayer: 0
  m_StaticEditorFlags: 0
  m_IsActive: 1
--- !u!4 &8341705498122147421
Transform:
  m_ObjectHideFlags: 0
  m_CorrespondingSourceObject: {fileID: 0}
  m_PrefabInstance: {fileID: 0}
  m_PrefabAsset: {fileID: 0}
  m_GameObject: {fileID: 7963942084959806056}
  m_LocalRotation: {x: 0.000000015454312, y: -0.000000015454312, z: -0.7071068, w: 0.7071068}
  m_LocalPosition: {x: -0.09815795, y: 0.060636036, z: 0}
  m_LocalScale: {x: 0.9999999, y: 1, z: 0.9999999}
  m_Children:
  - {fileID: 7657878536343759928}
  m_Father: {fileID: 716774700105063498}
  m_RootOrder: 0
  m_LocalEulerAnglesHint: {x: 0, y: 0, z: 0}
